%YAML 1.1
%TAG !u! tag:unity3d.com,2011:
--- !u!29 &1
OcclusionCullingSettings:
  m_ObjectHideFlags: 0
  serializedVersion: 2
  m_OcclusionBakeSettings:
    smallestOccluder: 5
    smallestHole: 0.25
    backfaceThreshold: 100
  m_SceneGUID: 00000000000000000000000000000000
  m_OcclusionCullingData: {fileID: 0}
--- !u!104 &2
RenderSettings:
  m_ObjectHideFlags: 0
  serializedVersion: 9
  m_Fog: 0
  m_FogColor: {r: 0.5, g: 0.5, b: 0.5, a: 1}
  m_FogMode: 3
  m_FogDensity: 0.01
  m_LinearFogStart: 0
  m_LinearFogEnd: 300
  m_AmbientSkyColor: {r: 0.212, g: 0.227, b: 0.259, a: 1}
  m_AmbientEquatorColor: {r: 0.114, g: 0.125, b: 0.133, a: 1}
  m_AmbientGroundColor: {r: 0.047, g: 0.043, b: 0.035, a: 1}
  m_AmbientIntensity: 1
  m_AmbientMode: 0
  m_SubtractiveShadowColor: {r: 0.42, g: 0.478, b: 0.627, a: 1}
  m_SkyboxMaterial: {fileID: 0}
  m_HaloStrength: 0.5
  m_FlareStrength: 1
  m_FlareFadeSpeed: 3
  m_HaloTexture: {fileID: 0}
  m_SpotCookie: {fileID: 10001, guid: 0000000000000000e000000000000000, type: 0}
  m_DefaultReflectionMode: 0
  m_DefaultReflectionResolution: 128
  m_ReflectionBounces: 1
  m_ReflectionIntensity: 1
  m_CustomReflection: {fileID: 0}
  m_Sun: {fileID: 0}
  m_IndirectSpecularColor: {r: 5233.741, g: 3358.5576, b: 2367.41, a: 1}
  m_UseRadianceAmbientProbe: 0
--- !u!157 &3
LightmapSettings:
  m_ObjectHideFlags: 0
  serializedVersion: 12
  m_GIWorkflowMode: 1
  m_GISettings:
    serializedVersion: 2
    m_BounceScale: 1
    m_IndirectOutputScale: 1
    m_AlbedoBoost: 1
    m_EnvironmentLightingMode: 0
    m_EnableBakedLightmaps: 1
    m_EnableRealtimeLightmaps: 0
  m_LightmapEditorSettings:
    serializedVersion: 12
    m_Resolution: 2
    m_BakeResolution: 40
    m_AtlasSize: 1024
    m_AO: 0
    m_AOMaxDistance: 1
    m_CompAOExponent: 1
    m_CompAOExponentDirect: 0
    m_ExtractAmbientOcclusion: 0
    m_Padding: 2
    m_LightmapParameters: {fileID: 0}
    m_LightmapsBakeMode: 1
    m_TextureCompression: 1
    m_FinalGather: 0
    m_FinalGatherFiltering: 1
    m_FinalGatherRayCount: 256
    m_ReflectionCompression: 2
    m_MixedBakeMode: 2
    m_BakeBackend: 1
    m_PVRSampling: 1
    m_PVRDirectSampleCount: 32
    m_PVRSampleCount: 512
    m_PVRBounces: 2
    m_PVREnvironmentSampleCount: 256
    m_PVREnvironmentReferencePointCount: 2048
    m_PVRFilteringMode: 1
    m_PVRDenoiserTypeDirect: 1
    m_PVRDenoiserTypeIndirect: 1
    m_PVRDenoiserTypeAO: 1
    m_PVRFilterTypeDirect: 0
    m_PVRFilterTypeIndirect: 0
    m_PVRFilterTypeAO: 0
    m_PVREnvironmentMIS: 1
    m_PVRCulling: 1
    m_PVRFilteringGaussRadiusDirect: 1
    m_PVRFilteringGaussRadiusIndirect: 5
    m_PVRFilteringGaussRadiusAO: 2
    m_PVRFilteringAtrousPositionSigmaDirect: 0.5
    m_PVRFilteringAtrousPositionSigmaIndirect: 2
    m_PVRFilteringAtrousPositionSigmaAO: 1
    m_ExportTrainingData: 0
    m_TrainingDataDestination: TrainingData
    m_LightProbeSampleCountMultiplier: 4
  m_LightingDataAsset: {fileID: 0}
  m_LightingSettings: {fileID: 0}
--- !u!196 &4
NavMeshSettings:
  serializedVersion: 2
  m_ObjectHideFlags: 0
  m_BuildSettings:
    serializedVersion: 2
    agentTypeID: 0
    agentRadius: 0.5
    agentHeight: 2
    agentSlope: 45
    agentClimb: 0.4
    ledgeDropHeight: 0
    maxJumpAcrossDistance: 0
    minRegionArea: 2
    manualCellSize: 0
    cellSize: 0.16666667
    manualTileSize: 0
    tileSize: 256
    accuratePlacement: 0
    maxJobWorkers: 0
    preserveTilesOutsideBounds: 0
    debug:
      m_Flags: 0
  m_NavMeshData: {fileID: 0}
--- !u!1 &22335494
GameObject:
  m_ObjectHideFlags: 0
  m_CorrespondingSourceObject: {fileID: 0}
  m_PrefabInstance: {fileID: 0}
  m_PrefabAsset: {fileID: 0}
  serializedVersion: 6
  m_Component:
  - component: {fileID: 22335497}
  - component: {fileID: 22335496}
  - component: {fileID: 22335495}
  m_Layer: 0
  m_Name: Directional Light
  m_TagString: Untagged
  m_Icon: {fileID: 0}
  m_NavMeshLayer: 0
  m_StaticEditorFlags: 0
  m_IsActive: 1
--- !u!114 &22335495
MonoBehaviour:
  m_ObjectHideFlags: 0
  m_CorrespondingSourceObject: {fileID: 0}
  m_PrefabInstance: {fileID: 0}
  m_PrefabAsset: {fileID: 0}
  m_GameObject: {fileID: 22335494}
  m_Enabled: 1
  m_EditorHideFlags: 0
  m_Script: {fileID: 11500000, guid: 7a68c43fe1f2a47cfa234b5eeaa98012, type: 3}
  m_Name: 
  m_EditorClassIdentifier: 
  m_Intensity: 100000
  m_EnableSpotReflector: 1
  m_LuxAtDistance: 1
  m_InnerSpotPercent: 0
  m_SpotIESCutoffPercent: 100
  m_LightDimmer: 1
  m_VolumetricDimmer: 1
  m_LightUnit: 2
  m_FadeDistance: 10000
  m_VolumetricFadeDistance: 10000
  m_AffectDiffuse: 1
  m_AffectSpecular: 1
  m_NonLightmappedOnly: 0
  m_ShapeWidth: 0.5
  m_ShapeHeight: 0.5
  m_AspectRatio: 1
  m_ShapeRadius: 0.025
  m_SoftnessScale: 1
  m_UseCustomSpotLightShadowCone: 0
  m_CustomSpotLightShadowCone: 30
  m_MaxSmoothness: 0.99
  m_ApplyRangeAttenuation: 1
  m_DisplayAreaLightEmissiveMesh: 0
  m_AreaLightCookie: {fileID: 0}
  m_IESPoint: {fileID: 0}
  m_IESSpot: {fileID: 0}
  m_IncludeForRayTracing: 1
  m_AreaLightShadowCone: 120
  m_UseScreenSpaceShadows: 0
  m_InteractsWithSky: 1
  m_AngularDiameter: 0.5
  m_FlareSize: 2
  m_FlareTint: {r: 1, g: 1, b: 1, a: 1}
  m_FlareFalloff: 4
  m_SurfaceTexture: {fileID: 0}
  m_SurfaceTint: {r: 1, g: 1, b: 1, a: 1}
  m_Distance: 1.5e+11
  m_UseRayTracedShadows: 0
  m_NumRayTracingSamples: 4
  m_FilterTracedShadow: 1
  m_FilterSizeTraced: 16
  m_SunLightConeAngle: 0.5
  m_LightShadowRadius: 0.5
  m_SemiTransparentShadow: 0
  m_ColorShadow: 1
  m_DistanceBasedFiltering: 0
  m_EvsmExponent: 15
  m_EvsmLightLeakBias: 0
  m_EvsmVarianceBias: 0.00001
  m_EvsmBlurPasses: 0
  m_LightlayersMask: 1
  m_LinkShadowLayers: 1
  m_ShadowNearPlane: 0.1
  m_BlockerSampleCount: 24
  m_FilterSampleCount: 16
  m_MinFilterSize: 0.1
  m_KernelSize: 5
  m_LightAngle: 1
  m_MaxDepthBias: 0.001
  m_ShadowResolution:
    m_Override: 512
    m_UseOverride: 1
    m_Level: 0
  m_ShadowDimmer: 1
  m_VolumetricShadowDimmer: 1
  m_ShadowFadeDistance: 10000
  m_UseContactShadow:
    m_Override: 0
    m_UseOverride: 1
    m_Level: 0
  m_RayTracedContactShadow: 0
  m_ShadowTint: {r: 0, g: 0, b: 0, a: 1}
  m_PenumbraTint: 0
  m_NormalBias: 0.75
  m_SlopeBias: 0.5
  m_ShadowUpdateMode: 0
  m_AlwaysDrawDynamicShadows: 0
  m_UpdateShadowOnLightMovement: 0
  m_CachedShadowTranslationThreshold: 0.01
  m_CachedShadowAngularThreshold: 0.5
  m_BarnDoorAngle: 90
  m_BarnDoorLength: 0.05
  m_preserveCachedShadow: 0
  m_OnDemandShadowRenderOnPlacement: 1
  m_ShadowCascadeRatios:
  - 0.05
  - 0.2
  - 0.3
  m_ShadowCascadeBorders:
  - 0.2
  - 0.2
  - 0.2
  - 0.2
  m_ShadowAlgorithm: 0
  m_ShadowVariant: 0
  m_ShadowPrecision: 0
  useOldInspector: 0
  useVolumetric: 1
  featuresFoldout: 1
  m_AreaLightEmissiveMeshShadowCastingMode: 0
  m_AreaLightEmissiveMeshMotionVectorGenerationMode: 0
  m_AreaLightEmissiveMeshLayer: -1
  m_Version: 11
  m_ObsoleteShadowResolutionTier: 1
  m_ObsoleteUseShadowQualitySettings: 0
  m_ObsoleteCustomShadowResolution: 512
  m_ObsoleteContactShadows: 0
  m_PointlightHDType: 0
  m_SpotLightShape: 0
  m_AreaLightShape: 0
--- !u!108 &22335496
Light:
  m_ObjectHideFlags: 0
  m_CorrespondingSourceObject: {fileID: 0}
  m_PrefabInstance: {fileID: 0}
  m_PrefabAsset: {fileID: 0}
  m_GameObject: {fileID: 22335494}
  m_Enabled: 1
  serializedVersion: 10
  m_Type: 1
  m_Shape: 0
  m_Color: {r: 1, g: 0.95686275, b: 0.8392157, a: 1}
  m_Intensity: 100000
  m_Range: 10
  m_SpotAngle: 30
  m_InnerSpotAngle: 21.80208
  m_CookieSize: 10
  m_Shadows:
    m_Type: 2
    m_Resolution: -1
    m_CustomResolution: -1
    m_Strength: 1
    m_Bias: 0.05
    m_NormalBias: 0.4
    m_NearPlane: 0.2
    m_CullingMatrixOverride:
      e00: 1
      e01: 0
      e02: 0
      e03: 0
      e10: 0
      e11: 1
      e12: 0
      e13: 0
      e20: 0
      e21: 0
      e22: 1
      e23: 0
      e30: 0
      e31: 0
      e32: 0
      e33: 1
    m_UseCullingMatrixOverride: 0
  m_Cookie: {fileID: 0}
  m_DrawHalo: 0
  m_Flare: {fileID: 0}
  m_RenderMode: 0
  m_CullingMask:
    serializedVersion: 2
    m_Bits: 4294967295
  m_RenderingLayerMask: 1
  m_Lightmapping: 4
  m_LightShadowCasterMode: 2
  m_AreaSize: {x: 0.5, y: 0.5}
  m_BounceIntensity: 1
  m_ColorTemperature: 6570
  m_UseColorTemperature: 1
  m_BoundingSphereOverride: {x: 0, y: 0, z: 0, w: 0}
  m_UseBoundingSphereOverride: 0
  m_UseViewFrustumForShadowCasterCull: 1
  m_ShadowRadius: 0
  m_ShadowAngle: 0
--- !u!4 &22335497
Transform:
  m_ObjectHideFlags: 0
  m_CorrespondingSourceObject: {fileID: 0}
  m_PrefabInstance: {fileID: 0}
  m_PrefabAsset: {fileID: 0}
  m_GameObject: {fileID: 22335494}
  m_LocalRotation: {x: 0.40821788, y: -0.23456968, z: 0.10938163, w: 0.8754261}
  m_LocalPosition: {x: 0, y: 3, z: 0}
  m_LocalScale: {x: 1, y: 1, z: 1}
  m_ConstrainProportionsScale: 0
  m_Children: []
  m_Father: {fileID: 0}
  m_RootOrder: 12
  m_LocalEulerAnglesHint: {x: 50, y: -30, z: 0}
--- !u!1 &47699476
GameObject:
  m_ObjectHideFlags: 1
  m_CorrespondingSourceObject: {fileID: 0}
  m_PrefabInstance: {fileID: 0}
  m_PrefabAsset: {fileID: 0}
  serializedVersion: 6
  m_Component:
  - component: {fileID: 47699478}
  - component: {fileID: 47699477}
  m_Layer: 0
  m_Name: StaticLightingSky
  m_TagString: Untagged
  m_Icon: {fileID: 0}
  m_NavMeshLayer: 0
  m_StaticEditorFlags: 0
  m_IsActive: 1
--- !u!114 &47699477
MonoBehaviour:
  m_ObjectHideFlags: 1
  m_CorrespondingSourceObject: {fileID: 0}
  m_PrefabInstance: {fileID: 0}
  m_PrefabAsset: {fileID: 0}
  m_GameObject: {fileID: 47699476}
  m_Enabled: 1
  m_EditorHideFlags: 0
  m_Script: {fileID: 11500000, guid: 441482e8936e35048a1dffac814e3ef8, type: 3}
  m_Name: 
  m_EditorClassIdentifier: 
  m_Profile: {fileID: 0}
  m_StaticLightingSkyUniqueID: 0
  m_StaticLightingCloudsUniqueID: 0
  m_StaticLightingVolumetricClouds: 0
--- !u!4 &47699478
Transform:
  m_ObjectHideFlags: 1
  m_CorrespondingSourceObject: {fileID: 0}
  m_PrefabInstance: {fileID: 0}
  m_PrefabAsset: {fileID: 0}
  m_GameObject: {fileID: 47699476}
  m_LocalRotation: {x: 0, y: 0, z: 0, w: 1}
  m_LocalPosition: {x: 0, y: 0, z: 0}
  m_LocalScale: {x: 1, y: 1, z: 1}
  m_ConstrainProportionsScale: 0
  m_Children: []
  m_Father: {fileID: 0}
  m_RootOrder: 0
  m_LocalEulerAnglesHint: {x: 0, y: 0, z: 0}
--- !u!1001 &78559028
PrefabInstance:
  m_ObjectHideFlags: 0
  serializedVersion: 2
  m_Modification:
    m_TransformParent: {fileID: 0}
    m_Modifications:
    - target: {fileID: 2489111867852718387, guid: 2c9fff9e092b8db40891f7a95a844173, type: 3}
      propertyPath: m_Name
      value: NomadMCamera
      objectReference: {fileID: 0}
    - target: {fileID: 6873421807207142287, guid: 2c9fff9e092b8db40891f7a95a844173, type: 3}
      propertyPath: m_RootOrder
      value: 11
      objectReference: {fileID: 0}
    - target: {fileID: 6873421807207142287, guid: 2c9fff9e092b8db40891f7a95a844173, type: 3}
      propertyPath: m_LocalPosition.x
      value: -2.9
      objectReference: {fileID: 0}
    - target: {fileID: 6873421807207142287, guid: 2c9fff9e092b8db40891f7a95a844173, type: 3}
      propertyPath: m_LocalPosition.y
      value: 10.715039
      objectReference: {fileID: 0}
    - target: {fileID: 6873421807207142287, guid: 2c9fff9e092b8db40891f7a95a844173, type: 3}
      propertyPath: m_LocalPosition.z
      value: -35.59552
      objectReference: {fileID: 0}
    - target: {fileID: 6873421807207142287, guid: 2c9fff9e092b8db40891f7a95a844173, type: 3}
      propertyPath: m_LocalRotation.w
      value: 0.97109973
      objectReference: {fileID: 0}
    - target: {fileID: 6873421807207142287, guid: 2c9fff9e092b8db40891f7a95a844173, type: 3}
      propertyPath: m_LocalRotation.x
      value: 0.23867409
      objectReference: {fileID: 0}
    - target: {fileID: 6873421807207142287, guid: 2c9fff9e092b8db40891f7a95a844173, type: 3}
      propertyPath: m_LocalRotation.y
      value: -0.000000016709112
      objectReference: {fileID: 0}
    - target: {fileID: 6873421807207142287, guid: 2c9fff9e092b8db40891f7a95a844173, type: 3}
      propertyPath: m_LocalRotation.z
      value: 0.0000000041067048
      objectReference: {fileID: 0}
    - target: {fileID: 6873421807207142287, guid: 2c9fff9e092b8db40891f7a95a844173, type: 3}
      propertyPath: m_LocalEulerAnglesHint.x
      value: 0
      objectReference: {fileID: 0}
    - target: {fileID: 6873421807207142287, guid: 2c9fff9e092b8db40891f7a95a844173, type: 3}
      propertyPath: m_LocalEulerAnglesHint.y
      value: 0
      objectReference: {fileID: 0}
    - target: {fileID: 6873421807207142287, guid: 2c9fff9e092b8db40891f7a95a844173, type: 3}
      propertyPath: m_LocalEulerAnglesHint.z
      value: 0
      objectReference: {fileID: 0}
    m_RemovedComponents: []
  m_SourcePrefab: {fileID: 100100000, guid: 2c9fff9e092b8db40891f7a95a844173, type: 3}
--- !u!1 &78559029 stripped
GameObject:
  m_CorrespondingSourceObject: {fileID: 2489111867852718387, guid: 2c9fff9e092b8db40891f7a95a844173, type: 3}
  m_PrefabInstance: {fileID: 78559028}
  m_PrefabAsset: {fileID: 0}
--- !u!114 &78559030 stripped
MonoBehaviour:
  m_CorrespondingSourceObject: {fileID: 3301241307456562553, guid: 2c9fff9e092b8db40891f7a95a844173, type: 3}
  m_PrefabInstance: {fileID: 78559028}
  m_PrefabAsset: {fileID: 0}
  m_GameObject: {fileID: 78559029}
  m_Enabled: 1
  m_EditorHideFlags: 0
  m_Script: {fileID: 11500000, guid: 72ece51f2901e7445ab60da3685d6b5f, type: 3}
  m_Name: 
  m_EditorClassIdentifier: 
--- !u!4 &78559031 stripped
Transform:
  m_CorrespondingSourceObject: {fileID: 6873421807207142287, guid: 2c9fff9e092b8db40891f7a95a844173, type: 3}
  m_PrefabInstance: {fileID: 78559028}
  m_PrefabAsset: {fileID: 0}
--- !u!114 &78559032
MonoBehaviour:
  m_ObjectHideFlags: 0
  m_CorrespondingSourceObject: {fileID: 0}
  m_PrefabInstance: {fileID: 0}
  m_PrefabAsset: {fileID: 0}
  m_GameObject: {fileID: 78559029}
  m_Enabled: 1
  m_EditorHideFlags: 0
  m_Script: {fileID: 11500000, guid: c3a9a73bd1f5eae48ac7c13c4150a633, type: 3}
  m_Name: 
  m_EditorClassIdentifier: 
  isDefaultListener: 1
  listenerId: 0
--- !u!114 &78559033
MonoBehaviour:
  m_ObjectHideFlags: 0
  m_CorrespondingSourceObject: {fileID: 0}
  m_PrefabInstance: {fileID: 0}
  m_PrefabAsset: {fileID: 0}
  m_GameObject: {fileID: 78559029}
  m_Enabled: 1
  m_EditorHideFlags: 0
  m_Script: {fileID: 11500000, guid: d9eaa742f043ca24b90dbe2cfce52cda, type: 3}
  m_Name: 
  m_EditorClassIdentifier: 
  m_listeners:
    initialListenerList: []
    useDefaultListeners: 1
  isEnvironmentAware: 1
  isStaticObject: 0
  m_positionOffsetData:
    KeepMe: 0
    positionOffset: {x: 0, y: 0, z: 0}
  m_posOffsetData: {fileID: 0}
  listenerMask: 1
--- !u!1 &307734275
GameObject:
  m_ObjectHideFlags: 0
  m_CorrespondingSourceObject: {fileID: 0}
  m_PrefabInstance: {fileID: 0}
  m_PrefabAsset: {fileID: 0}
  serializedVersion: 6
  m_Component:
  - component: {fileID: 307734276}
  m_Layer: 0
  m_Name: EBOCamFocus
  m_TagString: Untagged
  m_Icon: {fileID: 0}
  m_NavMeshLayer: 0
  m_StaticEditorFlags: 0
  m_IsActive: 1
--- !u!4 &307734276
Transform:
  m_ObjectHideFlags: 0
  m_CorrespondingSourceObject: {fileID: 0}
  m_PrefabInstance: {fileID: 0}
  m_PrefabAsset: {fileID: 0}
  m_GameObject: {fileID: 307734275}
  m_LocalRotation: {x: -0, y: -0, z: -0, w: 1}
  m_LocalPosition: {x: 0, y: 0, z: 0}
  m_LocalScale: {x: 1, y: 1, z: 1}
  m_ConstrainProportionsScale: 0
  m_Children: []
  m_Father: {fileID: 1280789787}
  m_RootOrder: 0
  m_LocalEulerAnglesHint: {x: 0, y: 0, z: 0}
--- !u!1 &369625304
GameObject:
  m_ObjectHideFlags: 0
  m_CorrespondingSourceObject: {fileID: 0}
  m_PrefabInstance: {fileID: 0}
  m_PrefabAsset: {fileID: 0}
  serializedVersion: 6
  m_Component:
  - component: {fileID: 369625305}
  m_Layer: 0
  m_Name: CCCamfocus
  m_TagString: Untagged
  m_Icon: {fileID: 0}
  m_NavMeshLayer: 0
  m_StaticEditorFlags: 0
  m_IsActive: 1
--- !u!4 &369625305
Transform:
  m_ObjectHideFlags: 0
  m_CorrespondingSourceObject: {fileID: 0}
  m_PrefabInstance: {fileID: 0}
  m_PrefabAsset: {fileID: 0}
  m_GameObject: {fileID: 369625304}
  m_LocalRotation: {x: -0, y: -0, z: -0, w: 1}
  m_LocalPosition: {x: 0, y: 0, z: 0}
  m_LocalScale: {x: 1, y: 1, z: 1}
  m_ConstrainProportionsScale: 0
  m_Children: []
  m_Father: {fileID: 457180830}
  m_RootOrder: 0
  m_LocalEulerAnglesHint: {x: 0, y: 0, z: 0}
--- !u!1 &442001710 stripped
GameObject:
  m_CorrespondingSourceObject: {fileID: 7772084747172435717, guid: 04af912d950187e44af9968d86e5c39f, type: 3}
  m_PrefabInstance: {fileID: 457180829}
  m_PrefabAsset: {fileID: 0}
--- !u!1001 &457180829
PrefabInstance:
  m_ObjectHideFlags: 0
  serializedVersion: 2
  m_Modification:
    m_TransformParent: {fileID: 0}
    m_Modifications:
    - target: {fileID: 662474335421352703, guid: 04af912d950187e44af9968d86e5c39f, type: 3}
      propertyPath: cameraTransform
      value: 
      objectReference: {fileID: 78559031}
    - target: {fileID: 662474335421352703, guid: 04af912d950187e44af9968d86e5c39f, type: 3}
      propertyPath: rotationalTarget
      value: 
      objectReference: {fileID: 78559031}
    - target: {fileID: 7768550576123334751, guid: 04af912d950187e44af9968d86e5c39f, type: 3}
      propertyPath: m_RootOrder
      value: 8
      objectReference: {fileID: 0}
    - target: {fileID: 7768550576123334751, guid: 04af912d950187e44af9968d86e5c39f, type: 3}
      propertyPath: m_LocalPosition.x
      value: -2.9
      objectReference: {fileID: 0}
    - target: {fileID: 7768550576123334751, guid: 04af912d950187e44af9968d86e5c39f, type: 3}
      propertyPath: m_LocalPosition.y
      value: 7.82
      objectReference: {fileID: 0}
    - target: {fileID: 7768550576123334751, guid: 04af912d950187e44af9968d86e5c39f, type: 3}
      propertyPath: m_LocalPosition.z
      value: -32.690002
      objectReference: {fileID: 0}
    - target: {fileID: 7768550576123334751, guid: 04af912d950187e44af9968d86e5c39f, type: 3}
      propertyPath: m_LocalRotation.w
      value: 1
      objectReference: {fileID: 0}
    - target: {fileID: 7768550576123334751, guid: 04af912d950187e44af9968d86e5c39f, type: 3}
      propertyPath: m_LocalRotation.x
      value: 0
      objectReference: {fileID: 0}
    - target: {fileID: 7768550576123334751, guid: 04af912d950187e44af9968d86e5c39f, type: 3}
      propertyPath: m_LocalRotation.y
      value: 0
      objectReference: {fileID: 0}
    - target: {fileID: 7768550576123334751, guid: 04af912d950187e44af9968d86e5c39f, type: 3}
      propertyPath: m_LocalRotation.z
      value: 0
      objectReference: {fileID: 0}
    - target: {fileID: 7768550576123334751, guid: 04af912d950187e44af9968d86e5c39f, type: 3}
      propertyPath: m_LocalEulerAnglesHint.x
      value: 0
      objectReference: {fileID: 0}
    - target: {fileID: 7768550576123334751, guid: 04af912d950187e44af9968d86e5c39f, type: 3}
      propertyPath: m_LocalEulerAnglesHint.y
      value: 0
      objectReference: {fileID: 0}
    - target: {fileID: 7768550576123334751, guid: 04af912d950187e44af9968d86e5c39f, type: 3}
      propertyPath: m_LocalEulerAnglesHint.z
      value: 0
      objectReference: {fileID: 0}
    - target: {fileID: 7772084747172435717, guid: 04af912d950187e44af9968d86e5c39f, type: 3}
      propertyPath: m_Name
      value: CC
      objectReference: {fileID: 0}
    m_RemovedComponents: []
  m_SourcePrefab: {fileID: 100100000, guid: 04af912d950187e44af9968d86e5c39f, type: 3}
--- !u!4 &457180830 stripped
Transform:
  m_CorrespondingSourceObject: {fileID: 8408837905037169333, guid: 04af912d950187e44af9968d86e5c39f, type: 3}
  m_PrefabInstance: {fileID: 457180829}
  m_PrefabAsset: {fileID: 0}
--- !u!1001 &464647788
PrefabInstance:
  m_ObjectHideFlags: 0
  serializedVersion: 2
  m_Modification:
    m_TransformParent: {fileID: 0}
    m_Modifications:
    - target: {fileID: 8287885018892944678, guid: 98a026070b290e34680c9711c63d01ac, type: 3}
      propertyPath: m_Name
      value: Staircase
      objectReference: {fileID: 0}
    - target: {fileID: 8287885018892944678, guid: 98a026070b290e34680c9711c63d01ac, type: 3}
      propertyPath: m_Layer
      value: 6
      objectReference: {fileID: 0}
    - target: {fileID: 8287885018892944729, guid: 98a026070b290e34680c9711c63d01ac, type: 3}
      propertyPath: m_RootOrder
      value: 2
      objectReference: {fileID: 0}
    - target: {fileID: 8287885018892944729, guid: 98a026070b290e34680c9711c63d01ac, type: 3}
      propertyPath: m_LocalScale.x
      value: 0.5
      objectReference: {fileID: 0}
    - target: {fileID: 8287885018892944729, guid: 98a026070b290e34680c9711c63d01ac, type: 3}
      propertyPath: m_LocalScale.y
      value: 0.5
      objectReference: {fileID: 0}
    - target: {fileID: 8287885018892944729, guid: 98a026070b290e34680c9711c63d01ac, type: 3}
      propertyPath: m_LocalScale.z
      value: 0.5
      objectReference: {fileID: 0}
    - target: {fileID: 8287885018892944729, guid: 98a026070b290e34680c9711c63d01ac, type: 3}
      propertyPath: m_LocalPosition.x
      value: -3.5
      objectReference: {fileID: 0}
    - target: {fileID: 8287885018892944729, guid: 98a026070b290e34680c9711c63d01ac, type: 3}
      propertyPath: m_LocalPosition.y
      value: 10
      objectReference: {fileID: 0}
    - target: {fileID: 8287885018892944729, guid: 98a026070b290e34680c9711c63d01ac, type: 3}
      propertyPath: m_LocalPosition.z
      value: 4.6
      objectReference: {fileID: 0}
    - target: {fileID: 8287885018892944729, guid: 98a026070b290e34680c9711c63d01ac, type: 3}
      propertyPath: m_LocalRotation.w
      value: 1
      objectReference: {fileID: 0}
    - target: {fileID: 8287885018892944729, guid: 98a026070b290e34680c9711c63d01ac, type: 3}
      propertyPath: m_LocalRotation.x
      value: 0
      objectReference: {fileID: 0}
    - target: {fileID: 8287885018892944729, guid: 98a026070b290e34680c9711c63d01ac, type: 3}
      propertyPath: m_LocalRotation.y
      value: 0
      objectReference: {fileID: 0}
    - target: {fileID: 8287885018892944729, guid: 98a026070b290e34680c9711c63d01ac, type: 3}
      propertyPath: m_LocalRotation.z
      value: 0
      objectReference: {fileID: 0}
    - target: {fileID: 8287885018892944729, guid: 98a026070b290e34680c9711c63d01ac, type: 3}
      propertyPath: m_LocalEulerAnglesHint.x
      value: 0
      objectReference: {fileID: 0}
    - target: {fileID: 8287885018892944729, guid: 98a026070b290e34680c9711c63d01ac, type: 3}
      propertyPath: m_LocalEulerAnglesHint.y
      value: 0
      objectReference: {fileID: 0}
    - target: {fileID: 8287885018892944729, guid: 98a026070b290e34680c9711c63d01ac, type: 3}
      propertyPath: m_LocalEulerAnglesHint.z
      value: 0
      objectReference: {fileID: 0}
    m_RemovedComponents: []
  m_SourcePrefab: {fileID: 100100000, guid: 98a026070b290e34680c9711c63d01ac, type: 3}
--- !u!1001 &588485541
PrefabInstance:
  m_ObjectHideFlags: 0
  serializedVersion: 2
  m_Modification:
    m_TransformParent: {fileID: 0}
    m_Modifications:
    - target: {fileID: 7180247071166289622, guid: 6b40a69f0da56604685288cdf92d2839, type: 3}
      propertyPath: m_Name
      value: CharacterSwitcher
      objectReference: {fileID: 0}
    - target: {fileID: 7180247071166289624, guid: 6b40a69f0da56604685288cdf92d2839, type: 3}
      propertyPath: m_PlayableAsset
      value: 
      objectReference: {fileID: 11400000, guid: 900a8ba3f6870484cb68f5ef8d9f0c48, type: 2}
    - target: {fileID: 7180247071166289624, guid: 6b40a69f0da56604685288cdf92d2839, type: 3}
      propertyPath: m_SceneBindings.Array.data[0].value
      value: 
      objectReference: {fileID: 78559030}
    - target: {fileID: 7180247071166289624, guid: 6b40a69f0da56604685288cdf92d2839, type: 3}
      propertyPath: m_ExposedReferences.m_References.Array.size
      value: 4
      objectReference: {fileID: 0}
    - target: {fileID: 7180247071166289624, guid: 6b40a69f0da56604685288cdf92d2839, type: 3}
      propertyPath: m_ExposedReferences.m_References.Array.data[0].first
      value: bc6dcb183cc982e46ab38ec403b786a7
      objectReference: {fileID: 0}
    - target: {fileID: 7180247071166289624, guid: 6b40a69f0da56604685288cdf92d2839, type: 3}
      propertyPath: m_ExposedReferences.m_References.Array.data[1].first
      value: 82172d30449670f4383d87a7ef3e1522
      objectReference: {fileID: 0}
    - target: {fileID: 7180247071166289624, guid: 6b40a69f0da56604685288cdf92d2839, type: 3}
      propertyPath: m_ExposedReferences.m_References.Array.data[2].first
      value: 99cd882372d1eae4aa928863a6097020
      objectReference: {fileID: 0}
    - target: {fileID: 7180247071166289624, guid: 6b40a69f0da56604685288cdf92d2839, type: 3}
      propertyPath: m_ExposedReferences.m_References.Array.data[3].first
      value: 3b05a46ed4221b34e8ee06b51d52d69a
      objectReference: {fileID: 0}
    - target: {fileID: 7180247071166289624, guid: 6b40a69f0da56604685288cdf92d2839, type: 3}
      propertyPath: m_ExposedReferences.m_References.Array.data[0].second
      value: 
      objectReference: {fileID: 0}
    - target: {fileID: 7180247071166289624, guid: 6b40a69f0da56604685288cdf92d2839, type: 3}
      propertyPath: m_ExposedReferences.m_References.Array.data[1].second
      value: 
      objectReference: {fileID: 1440361371}
    - target: {fileID: 7180247071166289624, guid: 6b40a69f0da56604685288cdf92d2839, type: 3}
      propertyPath: m_ExposedReferences.m_References.Array.data[2].second
      value: 
      objectReference: {fileID: 1440361371}
    - target: {fileID: 7180247071166289624, guid: 6b40a69f0da56604685288cdf92d2839, type: 3}
      propertyPath: m_ExposedReferences.m_References.Array.data[3].second
      value: 
      objectReference: {fileID: 1789265368}
    - target: {fileID: 7180247071166289625, guid: 6b40a69f0da56604685288cdf92d2839, type: 3}
      propertyPath: m_RootOrder
      value: 5
      objectReference: {fileID: 0}
    - target: {fileID: 7180247071166289625, guid: 6b40a69f0da56604685288cdf92d2839, type: 3}
      propertyPath: m_LocalPosition.x
      value: -3.3055692
      objectReference: {fileID: 0}
    - target: {fileID: 7180247071166289625, guid: 6b40a69f0da56604685288cdf92d2839, type: 3}
      propertyPath: m_LocalPosition.y
      value: 12.431031
      objectReference: {fileID: 0}
    - target: {fileID: 7180247071166289625, guid: 6b40a69f0da56604685288cdf92d2839, type: 3}
      propertyPath: m_LocalPosition.z
      value: -8.791153
      objectReference: {fileID: 0}
    - target: {fileID: 7180247071166289625, guid: 6b40a69f0da56604685288cdf92d2839, type: 3}
      propertyPath: m_LocalRotation.w
      value: 1
      objectReference: {fileID: 0}
    - target: {fileID: 7180247071166289625, guid: 6b40a69f0da56604685288cdf92d2839, type: 3}
      propertyPath: m_LocalRotation.x
      value: -0
      objectReference: {fileID: 0}
    - target: {fileID: 7180247071166289625, guid: 6b40a69f0da56604685288cdf92d2839, type: 3}
      propertyPath: m_LocalRotation.y
      value: -0
      objectReference: {fileID: 0}
    - target: {fileID: 7180247071166289625, guid: 6b40a69f0da56604685288cdf92d2839, type: 3}
      propertyPath: m_LocalRotation.z
      value: -0
      objectReference: {fileID: 0}
    - target: {fileID: 7180247071166289625, guid: 6b40a69f0da56604685288cdf92d2839, type: 3}
      propertyPath: m_LocalEulerAnglesHint.x
      value: 0
      objectReference: {fileID: 0}
    - target: {fileID: 7180247071166289625, guid: 6b40a69f0da56604685288cdf92d2839, type: 3}
      propertyPath: m_LocalEulerAnglesHint.y
      value: 0
      objectReference: {fileID: 0}
    - target: {fileID: 7180247071166289625, guid: 6b40a69f0da56604685288cdf92d2839, type: 3}
      propertyPath: m_LocalEulerAnglesHint.z
      value: 0
      objectReference: {fileID: 0}
    - target: {fileID: 7180247071166289627, guid: 6b40a69f0da56604685288cdf92d2839, type: 3}
      propertyPath: m_Events.m_Events.Array.data[0].m_PersistentCalls.m_Calls.Array.size
      value: 3
      objectReference: {fileID: 0}
    - target: {fileID: 7180247071166289627, guid: 6b40a69f0da56604685288cdf92d2839, type: 3}
      propertyPath: m_Events.m_Events.Array.data[1].m_PersistentCalls.m_Calls.Array.size
      value: 3
      objectReference: {fileID: 0}
    - target: {fileID: 7180247071166289627, guid: 6b40a69f0da56604685288cdf92d2839, type: 3}
      propertyPath: m_Events.m_Events.Array.data[2].m_PersistentCalls.m_Calls.Array.size
      value: 2
      objectReference: {fileID: 0}
    - target: {fileID: 7180247071166289627, guid: 6b40a69f0da56604685288cdf92d2839, type: 3}
      propertyPath: m_Events.m_Events.Array.data[3].m_PersistentCalls.m_Calls.Array.size
      value: 2
      objectReference: {fileID: 0}
    - target: {fileID: 7180247071166289627, guid: 6b40a69f0da56604685288cdf92d2839, type: 3}
      propertyPath: m_Events.m_Events.Array.data[0].m_PersistentCalls.m_Calls.Array.data[1].m_Mode
      value: 1
      objectReference: {fileID: 0}
    - target: {fileID: 7180247071166289627, guid: 6b40a69f0da56604685288cdf92d2839, type: 3}
      propertyPath: m_Events.m_Events.Array.data[0].m_PersistentCalls.m_Calls.Array.data[2].m_Mode
      value: 1
      objectReference: {fileID: 0}
    - target: {fileID: 7180247071166289627, guid: 6b40a69f0da56604685288cdf92d2839, type: 3}
      propertyPath: m_Events.m_Events.Array.data[0].m_PersistentCalls.m_Calls.Array.data[3].m_Mode
      value: 1
      objectReference: {fileID: 0}
    - target: {fileID: 7180247071166289627, guid: 6b40a69f0da56604685288cdf92d2839, type: 3}
      propertyPath: m_Events.m_Events.Array.data[1].m_PersistentCalls.m_Calls.Array.data[1].m_Mode
      value: 1
      objectReference: {fileID: 0}
    - target: {fileID: 7180247071166289627, guid: 6b40a69f0da56604685288cdf92d2839, type: 3}
      propertyPath: m_Events.m_Events.Array.data[1].m_PersistentCalls.m_Calls.Array.data[2].m_Mode
      value: 1
      objectReference: {fileID: 0}
    - target: {fileID: 7180247071166289627, guid: 6b40a69f0da56604685288cdf92d2839, type: 3}
      propertyPath: m_Events.m_Events.Array.data[2].m_PersistentCalls.m_Calls.Array.data[0].m_Mode
      value: 1
      objectReference: {fileID: 0}
    - target: {fileID: 7180247071166289627, guid: 6b40a69f0da56604685288cdf92d2839, type: 3}
      propertyPath: m_Events.m_Events.Array.data[2].m_PersistentCalls.m_Calls.Array.data[1].m_Mode
      value: 1
      objectReference: {fileID: 0}
    - target: {fileID: 7180247071166289627, guid: 6b40a69f0da56604685288cdf92d2839, type: 3}
      propertyPath: m_Events.m_Events.Array.data[3].m_PersistentCalls.m_Calls.Array.data[0].m_Mode
      value: 1
      objectReference: {fileID: 0}
    - target: {fileID: 7180247071166289627, guid: 6b40a69f0da56604685288cdf92d2839, type: 3}
      propertyPath: m_Events.m_Events.Array.data[3].m_PersistentCalls.m_Calls.Array.data[1].m_Mode
      value: 1
      objectReference: {fileID: 0}
    - target: {fileID: 7180247071166289627, guid: 6b40a69f0da56604685288cdf92d2839, type: 3}
      propertyPath: m_Events.m_Events.Array.data[0].m_PersistentCalls.m_Calls.Array.data[1].m_Target
      value: 
      objectReference: {fileID: 1440361370}
    - target: {fileID: 7180247071166289627, guid: 6b40a69f0da56604685288cdf92d2839, type: 3}
      propertyPath: m_Events.m_Events.Array.data[0].m_PersistentCalls.m_Calls.Array.data[2].m_Target
      value: 
      objectReference: {fileID: 1789265367}
    - target: {fileID: 7180247071166289627, guid: 6b40a69f0da56604685288cdf92d2839, type: 3}
      propertyPath: m_Events.m_Events.Array.data[0].m_PersistentCalls.m_Calls.Array.data[3].m_Target
      value: 
      objectReference: {fileID: 442001710}
    - target: {fileID: 7180247071166289627, guid: 6b40a69f0da56604685288cdf92d2839, type: 3}
      propertyPath: m_Events.m_Events.Array.data[1].m_PersistentCalls.m_Calls.Array.data[1].m_Target
      value: 
      objectReference: {fileID: 1440361370}
    - target: {fileID: 7180247071166289627, guid: 6b40a69f0da56604685288cdf92d2839, type: 3}
      propertyPath: m_Events.m_Events.Array.data[1].m_PersistentCalls.m_Calls.Array.data[2].m_Target
      value: 
      objectReference: {fileID: 1789265367}
    - target: {fileID: 7180247071166289627, guid: 6b40a69f0da56604685288cdf92d2839, type: 3}
      propertyPath: m_Events.m_Events.Array.data[2].m_PersistentCalls.m_Calls.Array.data[0].m_Target
      value: 
      objectReference: {fileID: 1440361370}
    - target: {fileID: 7180247071166289627, guid: 6b40a69f0da56604685288cdf92d2839, type: 3}
      propertyPath: m_Events.m_Events.Array.data[2].m_PersistentCalls.m_Calls.Array.data[1].m_Target
      value: 
      objectReference: {fileID: 1789265367}
    - target: {fileID: 7180247071166289627, guid: 6b40a69f0da56604685288cdf92d2839, type: 3}
      propertyPath: m_Events.m_Events.Array.data[3].m_PersistentCalls.m_Calls.Array.data[0].m_Target
      value: 
      objectReference: {fileID: 1440361370}
    - target: {fileID: 7180247071166289627, guid: 6b40a69f0da56604685288cdf92d2839, type: 3}
      propertyPath: m_Events.m_Events.Array.data[3].m_PersistentCalls.m_Calls.Array.data[1].m_Target
      value: 
      objectReference: {fileID: 1789265367}
    - target: {fileID: 7180247071166289627, guid: 6b40a69f0da56604685288cdf92d2839, type: 3}
      propertyPath: m_Events.m_Events.Array.data[0].m_PersistentCalls.m_Calls.Array.data[3].m_CallState
      value: 2
      objectReference: {fileID: 0}
    - target: {fileID: 7180247071166289627, guid: 6b40a69f0da56604685288cdf92d2839, type: 3}
      propertyPath: m_Events.m_Events.Array.data[2].m_PersistentCalls.m_Calls.Array.data[0].m_CallState
      value: 2
      objectReference: {fileID: 0}
    - target: {fileID: 7180247071166289627, guid: 6b40a69f0da56604685288cdf92d2839, type: 3}
      propertyPath: m_Events.m_Events.Array.data[2].m_PersistentCalls.m_Calls.Array.data[1].m_CallState
      value: 2
      objectReference: {fileID: 0}
    - target: {fileID: 7180247071166289627, guid: 6b40a69f0da56604685288cdf92d2839, type: 3}
      propertyPath: m_Events.m_Events.Array.data[3].m_PersistentCalls.m_Calls.Array.data[0].m_CallState
      value: 2
      objectReference: {fileID: 0}
    - target: {fileID: 7180247071166289627, guid: 6b40a69f0da56604685288cdf92d2839, type: 3}
      propertyPath: m_Events.m_Events.Array.data[3].m_PersistentCalls.m_Calls.Array.data[1].m_CallState
      value: 2
      objectReference: {fileID: 0}
    - target: {fileID: 7180247071166289627, guid: 6b40a69f0da56604685288cdf92d2839, type: 3}
      propertyPath: m_Events.m_Events.Array.data[0].m_PersistentCalls.m_Calls.Array.data[1].m_MethodName
      value: TurnOn
      objectReference: {fileID: 0}
    - target: {fileID: 7180247071166289627, guid: 6b40a69f0da56604685288cdf92d2839, type: 3}
      propertyPath: m_Events.m_Events.Array.data[0].m_PersistentCalls.m_Calls.Array.data[2].m_MethodName
      value: TurnOn
      objectReference: {fileID: 0}
    - target: {fileID: 7180247071166289627, guid: 6b40a69f0da56604685288cdf92d2839, type: 3}
      propertyPath: m_Events.m_Events.Array.data[1].m_PersistentCalls.m_Calls.Array.data[1].m_MethodName
      value: TurnOn
      objectReference: {fileID: 0}
    - target: {fileID: 7180247071166289627, guid: 6b40a69f0da56604685288cdf92d2839, type: 3}
      propertyPath: m_Events.m_Events.Array.data[1].m_PersistentCalls.m_Calls.Array.data[2].m_MethodName
      value: TurnOn
      objectReference: {fileID: 0}
    - target: {fileID: 7180247071166289627, guid: 6b40a69f0da56604685288cdf92d2839, type: 3}
      propertyPath: m_Events.m_Events.Array.data[2].m_PersistentCalls.m_Calls.Array.data[0].m_MethodName
      value: TurnOff
      objectReference: {fileID: 0}
    - target: {fileID: 7180247071166289627, guid: 6b40a69f0da56604685288cdf92d2839, type: 3}
      propertyPath: m_Events.m_Events.Array.data[2].m_PersistentCalls.m_Calls.Array.data[1].m_MethodName
      value: TurnOff
      objectReference: {fileID: 0}
    - target: {fileID: 7180247071166289627, guid: 6b40a69f0da56604685288cdf92d2839, type: 3}
      propertyPath: m_Events.m_Events.Array.data[3].m_PersistentCalls.m_Calls.Array.data[0].m_MethodName
      value: TurnOff
      objectReference: {fileID: 0}
    - target: {fileID: 7180247071166289627, guid: 6b40a69f0da56604685288cdf92d2839, type: 3}
      propertyPath: m_Events.m_Events.Array.data[3].m_PersistentCalls.m_Calls.Array.data[1].m_MethodName
      value: TurnOff
      objectReference: {fileID: 0}
    - target: {fileID: 7180247071166289627, guid: 6b40a69f0da56604685288cdf92d2839, type: 3}
      propertyPath: m_Events.m_Events.Array.data[0].m_PersistentCalls.m_Calls.Array.data[1].m_TargetAssemblyTypeName
      value: ControllVFC, Assembly-CSharp
      objectReference: {fileID: 0}
    - target: {fileID: 7180247071166289627, guid: 6b40a69f0da56604685288cdf92d2839, type: 3}
      propertyPath: m_Events.m_Events.Array.data[0].m_PersistentCalls.m_Calls.Array.data[2].m_TargetAssemblyTypeName
      value: ControllVFC, Assembly-CSharp
      objectReference: {fileID: 0}
    - target: {fileID: 7180247071166289627, guid: 6b40a69f0da56604685288cdf92d2839, type: 3}
      propertyPath: m_Events.m_Events.Array.data[0].m_PersistentCalls.m_Calls.Array.data[3].m_TargetAssemblyTypeName
      value: ControllVFC, Assembly-CSharp
      objectReference: {fileID: 0}
    - target: {fileID: 7180247071166289627, guid: 6b40a69f0da56604685288cdf92d2839, type: 3}
      propertyPath: m_Events.m_Events.Array.data[1].m_PersistentCalls.m_Calls.Array.data[1].m_TargetAssemblyTypeName
      value: ControllVFC, Assembly-CSharp
      objectReference: {fileID: 0}
    - target: {fileID: 7180247071166289627, guid: 6b40a69f0da56604685288cdf92d2839, type: 3}
      propertyPath: m_Events.m_Events.Array.data[1].m_PersistentCalls.m_Calls.Array.data[2].m_TargetAssemblyTypeName
      value: ControllVFC, Assembly-CSharp
      objectReference: {fileID: 0}
    - target: {fileID: 7180247071166289627, guid: 6b40a69f0da56604685288cdf92d2839, type: 3}
      propertyPath: m_Events.m_Events.Array.data[2].m_PersistentCalls.m_Calls.Array.data[0].m_TargetAssemblyTypeName
      value: ControllVFC, Assembly-CSharp
      objectReference: {fileID: 0}
    - target: {fileID: 7180247071166289627, guid: 6b40a69f0da56604685288cdf92d2839, type: 3}
      propertyPath: m_Events.m_Events.Array.data[2].m_PersistentCalls.m_Calls.Array.data[1].m_TargetAssemblyTypeName
      value: ControllVFC, Assembly-CSharp
      objectReference: {fileID: 0}
    - target: {fileID: 7180247071166289627, guid: 6b40a69f0da56604685288cdf92d2839, type: 3}
      propertyPath: m_Events.m_Events.Array.data[3].m_PersistentCalls.m_Calls.Array.data[0].m_TargetAssemblyTypeName
      value: ControllVFC, Assembly-CSharp
      objectReference: {fileID: 0}
    - target: {fileID: 7180247071166289627, guid: 6b40a69f0da56604685288cdf92d2839, type: 3}
      propertyPath: m_Events.m_Events.Array.data[3].m_PersistentCalls.m_Calls.Array.data[1].m_TargetAssemblyTypeName
      value: ControllVFC, Assembly-CSharp
      objectReference: {fileID: 0}
    - target: {fileID: 7180247071166289627, guid: 6b40a69f0da56604685288cdf92d2839, type: 3}
      propertyPath: m_Events.m_Events.Array.data[0].m_PersistentCalls.m_Calls.Array.data[2].m_Arguments.m_BoolArgument
      value: 1
      objectReference: {fileID: 0}
    - target: {fileID: 7180247071166289627, guid: 6b40a69f0da56604685288cdf92d2839, type: 3}
      propertyPath: m_Events.m_Events.Array.data[0].m_PersistentCalls.m_Calls.Array.data[3].m_Arguments.m_BoolArgument
      value: 1
      objectReference: {fileID: 0}
    - target: {fileID: 7180247071166289627, guid: 6b40a69f0da56604685288cdf92d2839, type: 3}
      propertyPath: m_Events.m_Events.Array.data[1].m_PersistentCalls.m_Calls.Array.data[2].m_Arguments.m_BoolArgument
      value: 1
      objectReference: {fileID: 0}
    - target: {fileID: 7180247071166289627, guid: 6b40a69f0da56604685288cdf92d2839, type: 3}
      propertyPath: m_Events.m_Events.Array.data[1].m_PersistentCalls.m_Calls.Array.data[1].m_Arguments.m_ObjectArgumentAssemblyTypeName
      value: UnityEngine.Object, UnityEngine
      objectReference: {fileID: 0}
    - target: {fileID: 7180247071166289627, guid: 6b40a69f0da56604685288cdf92d2839, type: 3}
      propertyPath: m_Events.m_Events.Array.data[2].m_PersistentCalls.m_Calls.Array.data[0].m_Arguments.m_ObjectArgumentAssemblyTypeName
      value: UnityEngine.Object, UnityEngine
      objectReference: {fileID: 0}
    - target: {fileID: 7180247071166289627, guid: 6b40a69f0da56604685288cdf92d2839, type: 3}
      propertyPath: m_Events.m_Events.Array.data[2].m_PersistentCalls.m_Calls.Array.data[1].m_Arguments.m_ObjectArgumentAssemblyTypeName
      value: UnityEngine.Object, UnityEngine
      objectReference: {fileID: 0}
    - target: {fileID: 7180247071166289627, guid: 6b40a69f0da56604685288cdf92d2839, type: 3}
      propertyPath: m_Events.m_Events.Array.data[3].m_PersistentCalls.m_Calls.Array.data[0].m_Arguments.m_ObjectArgumentAssemblyTypeName
      value: UnityEngine.Object, UnityEngine
      objectReference: {fileID: 0}
    - target: {fileID: 7180247071166289627, guid: 6b40a69f0da56604685288cdf92d2839, type: 3}
      propertyPath: m_Events.m_Events.Array.data[3].m_PersistentCalls.m_Calls.Array.data[1].m_Arguments.m_ObjectArgumentAssemblyTypeName
      value: UnityEngine.Object, UnityEngine
      objectReference: {fileID: 0}
    m_RemovedComponents: []
  m_SourcePrefab: {fileID: 100100000, guid: 6b40a69f0da56604685288cdf92d2839, type: 3}
--- !u!1001 &902687258
PrefabInstance:
  m_ObjectHideFlags: 0
  serializedVersion: 2
  m_Modification:
    m_TransformParent: {fileID: 0}
    m_Modifications:
    - target: {fileID: 7281756105126318780, guid: 253829f2d85563e4096e40bb4cced784, type: 3}
      propertyPath: m_RootOrder
      value: 1
      objectReference: {fileID: 0}
    - target: {fileID: 7281756105126318780, guid: 253829f2d85563e4096e40bb4cced784, type: 3}
      propertyPath: m_LocalPosition.x
      value: 23.49
      objectReference: {fileID: 0}
    - target: {fileID: 7281756105126318780, guid: 253829f2d85563e4096e40bb4cced784, type: 3}
      propertyPath: m_LocalPosition.y
      value: 4.25
      objectReference: {fileID: 0}
    - target: {fileID: 7281756105126318780, guid: 253829f2d85563e4096e40bb4cced784, type: 3}
      propertyPath: m_LocalPosition.z
      value: -5.125
      objectReference: {fileID: 0}
    - target: {fileID: 7281756105126318780, guid: 253829f2d85563e4096e40bb4cced784, type: 3}
      propertyPath: m_LocalRotation.w
      value: 0.7071068
      objectReference: {fileID: 0}
    - target: {fileID: 7281756105126318780, guid: 253829f2d85563e4096e40bb4cced784, type: 3}
      propertyPath: m_LocalRotation.x
      value: 0
      objectReference: {fileID: 0}
    - target: {fileID: 7281756105126318780, guid: 253829f2d85563e4096e40bb4cced784, type: 3}
      propertyPath: m_LocalRotation.y
      value: 0.7071068
      objectReference: {fileID: 0}
    - target: {fileID: 7281756105126318780, guid: 253829f2d85563e4096e40bb4cced784, type: 3}
      propertyPath: m_LocalRotation.z
      value: 0
      objectReference: {fileID: 0}
    - target: {fileID: 7281756105126318780, guid: 253829f2d85563e4096e40bb4cced784, type: 3}
      propertyPath: m_LocalEulerAnglesHint.x
      value: 0
      objectReference: {fileID: 0}
    - target: {fileID: 7281756105126318780, guid: 253829f2d85563e4096e40bb4cced784, type: 3}
      propertyPath: m_LocalEulerAnglesHint.y
      value: 90
      objectReference: {fileID: 0}
    - target: {fileID: 7281756105126318780, guid: 253829f2d85563e4096e40bb4cced784, type: 3}
      propertyPath: m_LocalEulerAnglesHint.z
      value: 0
      objectReference: {fileID: 0}
    - target: {fileID: 7281756105126318783, guid: 253829f2d85563e4096e40bb4cced784, type: 3}
      propertyPath: m_Name
      value: Bombing room
      objectReference: {fileID: 0}
    m_RemovedComponents: []
  m_SourcePrefab: {fileID: 100100000, guid: 253829f2d85563e4096e40bb4cced784, type: 3}
--- !u!1 &947654068
GameObject:
  m_ObjectHideFlags: 0
  m_CorrespondingSourceObject: {fileID: 0}
  m_PrefabInstance: {fileID: 0}
  m_PrefabAsset: {fileID: 0}
  serializedVersion: 6
  m_Component:
  - component: {fileID: 947654072}
  - component: {fileID: 947654071}
  - component: {fileID: 947654070}
  - component: {fileID: 947654069}
  m_Layer: 0
  m_Name: WwiseGlobal (1)
  m_TagString: Untagged
  m_Icon: {fileID: 0}
  m_NavMeshLayer: 0
  m_StaticEditorFlags: 0
  m_IsActive: 1
--- !u!114 &947654069
MonoBehaviour:
  m_ObjectHideFlags: 0
  m_CorrespondingSourceObject: {fileID: 0}
  m_PrefabInstance: {fileID: 0}
  m_PrefabAsset: {fileID: 0}
  m_GameObject: {fileID: 947654068}
  m_Enabled: 1
  m_EditorHideFlags: 0
  m_Script: {fileID: 11500000, guid: 071114e1fb30b13439e67b02a8d52290, type: 3}
  m_Name: 
  m_EditorClassIdentifier: 
  triggerList: ae8d9d44
  useOtherObject: 0
  data:
    idInternal: 0
    valueGuidInternal: 
    WwiseObjectReference: {fileID: 11400000, guid: b31b01544376a9044b387a17c40ec7e4, type: 2}
  decodeBank: 0
  loadAsynchronous: 0
  saveDecodedBank: 0
  unloadTriggerList: 958ca0ea
  bankNameInternal: 
  valueGuidInternal: 
--- !u!114 &947654070
MonoBehaviour:
  m_ObjectHideFlags: 0
  m_CorrespondingSourceObject: {fileID: 0}
  m_PrefabInstance: {fileID: 0}
  m_PrefabAsset: {fileID: 0}
  m_GameObject: {fileID: 947654068}
  m_Enabled: 1
  m_EditorHideFlags: 0
  m_Script: {fileID: 11500000, guid: fe0504add3ece0748b290d05564ed2bb, type: 3}
  m_Name: 
  m_EditorClassIdentifier: 
  triggerList: f7e1664c
  useOtherObject: 0
  actionOnEventType: 0
  curveInterpolation: 4
  enableActionOnEvent: 0
  data:
    idInternal: 0
    valueGuidInternal: 
    WwiseObjectReference: {fileID: 11400000, guid: e53c198daa45f1f4bb8b9b35a80ceb53, type: 2}
  useCallbacks: 0
  Callbacks: []
  playingId: 0
  soundEmitterObject: {fileID: 0}
  transitionDuration: 0
  eventIdInternal: 0
  valueGuidInternal: 
  m_callbackDataInternal: {fileID: 0}
  MultiPositionType: 1
  multiPositionTypeLabel: 0
  attenuationSphereColor: {r: 1, g: 0, b: 0, a: 0.1}
  LargeModePositions: []
  multiPositionArray: []
--- !u!114 &947654071
MonoBehaviour:
  m_ObjectHideFlags: 0
  m_CorrespondingSourceObject: {fileID: 0}
  m_PrefabInstance: {fileID: 0}
  m_PrefabAsset: {fileID: 0}
  m_GameObject: {fileID: 947654068}
  m_Enabled: 1
  m_EditorHideFlags: 0
  m_Script: {fileID: 11500000, guid: d9eaa742f043ca24b90dbe2cfce52cda, type: 3}
  m_Name: 
  m_EditorClassIdentifier: 
  m_listeners:
    initialListenerList: []
    useDefaultListeners: 1
  isEnvironmentAware: 1
  isStaticObject: 0
  m_positionOffsetData:
    KeepMe: 0
    positionOffset: {x: 0, y: 0, z: 0}
  m_posOffsetData: {fileID: 0}
  listenerMask: 1
--- !u!4 &947654072
Transform:
  m_ObjectHideFlags: 0
  m_CorrespondingSourceObject: {fileID: 0}
  m_PrefabInstance: {fileID: 0}
  m_PrefabAsset: {fileID: 0}
  m_GameObject: {fileID: 947654068}
  m_LocalRotation: {x: 0, y: 0, z: 0, w: 1}
  m_LocalPosition: {x: 0, y: 0, z: 0}
  m_LocalScale: {x: 1, y: 1, z: 1}
  m_ConstrainProportionsScale: 0
  m_Children: []
  m_Father: {fileID: 0}
  m_RootOrder: 16
  m_LocalEulerAnglesHint: {x: 0, y: 0, z: 0}
--- !u!1001 &1018353203
PrefabInstance:
  m_ObjectHideFlags: 0
  serializedVersion: 2
  m_Modification:
    m_TransformParent: {fileID: 0}
    m_Modifications:
    - target: {fileID: 1672991449992912856, guid: c4ab8d33f7106824dbd568e2ae90823a, type: 3}
      propertyPath: m_RootOrder
      value: 4
      objectReference: {fileID: 0}
    - target: {fileID: 1672991449992912856, guid: c4ab8d33f7106824dbd568e2ae90823a, type: 3}
      propertyPath: m_LocalScale.x
      value: 1.5
      objectReference: {fileID: 0}
    - target: {fileID: 1672991449992912856, guid: c4ab8d33f7106824dbd568e2ae90823a, type: 3}
      propertyPath: m_LocalPosition.x
      value: 2.125
      objectReference: {fileID: 0}
    - target: {fileID: 1672991449992912856, guid: c4ab8d33f7106824dbd568e2ae90823a, type: 3}
      propertyPath: m_LocalPosition.y
      value: 8.5
      objectReference: {fileID: 0}
    - target: {fileID: 1672991449992912856, guid: c4ab8d33f7106824dbd568e2ae90823a, type: 3}
      propertyPath: m_LocalPosition.z
      value: -6.25
      objectReference: {fileID: 0}
    - target: {fileID: 1672991449992912856, guid: c4ab8d33f7106824dbd568e2ae90823a, type: 3}
      propertyPath: m_LocalRotation.w
      value: 1
      objectReference: {fileID: 0}
    - target: {fileID: 1672991449992912856, guid: c4ab8d33f7106824dbd568e2ae90823a, type: 3}
      propertyPath: m_LocalRotation.x
      value: 0
      objectReference: {fileID: 0}
    - target: {fileID: 1672991449992912856, guid: c4ab8d33f7106824dbd568e2ae90823a, type: 3}
      propertyPath: m_LocalRotation.y
      value: 0
      objectReference: {fileID: 0}
    - target: {fileID: 1672991449992912856, guid: c4ab8d33f7106824dbd568e2ae90823a, type: 3}
      propertyPath: m_LocalRotation.z
      value: 0
      objectReference: {fileID: 0}
    - target: {fileID: 1672991449992912856, guid: c4ab8d33f7106824dbd568e2ae90823a, type: 3}
      propertyPath: m_LocalEulerAnglesHint.x
      value: 0
      objectReference: {fileID: 0}
    - target: {fileID: 1672991449992912856, guid: c4ab8d33f7106824dbd568e2ae90823a, type: 3}
      propertyPath: m_LocalEulerAnglesHint.y
      value: 0
      objectReference: {fileID: 0}
    - target: {fileID: 1672991449992912856, guid: c4ab8d33f7106824dbd568e2ae90823a, type: 3}
      propertyPath: m_LocalEulerAnglesHint.z
      value: 0
      objectReference: {fileID: 0}
    - target: {fileID: 1672991449992912860, guid: c4ab8d33f7106824dbd568e2ae90823a, type: 3}
      propertyPath: m_Name
      value: Bunker
      objectReference: {fileID: 0}
    - target: {fileID: 1672991449992912860, guid: c4ab8d33f7106824dbd568e2ae90823a, type: 3}
      propertyPath: m_Layer
      value: 6
      objectReference: {fileID: 0}
    m_RemovedComponents: []
  m_SourcePrefab: {fileID: 100100000, guid: c4ab8d33f7106824dbd568e2ae90823a, type: 3}
--- !u!1001 &1040197739
PrefabInstance:
  m_ObjectHideFlags: 0
  serializedVersion: 2
  m_Modification:
    m_TransformParent: {fileID: 0}
    m_Modifications:
    - target: {fileID: 2976657199573228302, guid: 2bd535e615c342d489966a0a183953b0, type: 3}
      propertyPath: m_LocalRotation.w
      value: 0.9923149
      objectReference: {fileID: 0}
    - target: {fileID: 2976657199573228302, guid: 2bd535e615c342d489966a0a183953b0, type: 3}
      propertyPath: m_LocalRotation.x
      value: 0.12373876
      objectReference: {fileID: 0}
    - target: {fileID: 2976657199573228302, guid: 2bd535e615c342d489966a0a183953b0, type: 3}
      propertyPath: m_LocalRotation.y
      value: -9.38588e-10
      objectReference: {fileID: 0}
    - target: {fileID: 2976657199573228302, guid: 2bd535e615c342d489966a0a183953b0, type: 3}
      propertyPath: m_LocalRotation.z
      value: 1.170388e-10
      objectReference: {fileID: 0}
    - target: {fileID: 2976657199573228303, guid: 2bd535e615c342d489966a0a183953b0, type: 3}
      propertyPath: m_Lens.m_SensorSize.x
      value: 1.7786407
      objectReference: {fileID: 0}
    - target: {fileID: 2976657199645656574, guid: 2bd535e615c342d489966a0a183953b0, type: 3}
      propertyPath: m_LocalRotation.w
      value: 0.9977847
      objectReference: {fileID: 0}
    - target: {fileID: 2976657199645656574, guid: 2bd535e615c342d489966a0a183953b0, type: 3}
      propertyPath: m_LocalRotation.x
      value: 0.06652709
      objectReference: {fileID: 0}
    - target: {fileID: 2976657199645656574, guid: 2bd535e615c342d489966a0a183953b0, type: 3}
      propertyPath: m_LocalRotation.y
      value: 0.0000000042920663
      objectReference: {fileID: 0}
    - target: {fileID: 2976657199645656574, guid: 2bd535e615c342d489966a0a183953b0, type: 3}
      propertyPath: m_LocalRotation.z
      value: -2.8617264e-10
      objectReference: {fileID: 0}
    - target: {fileID: 2976657199645656575, guid: 2bd535e615c342d489966a0a183953b0, type: 3}
      propertyPath: m_Lens.m_SensorSize.x
      value: 1.7786407
      objectReference: {fileID: 0}
    - target: {fileID: 2976657200023837200, guid: 2bd535e615c342d489966a0a183953b0, type: 3}
      propertyPath: m_Follow
      value: 
      objectReference: {fileID: 0}
    - target: {fileID: 2976657200023837200, guid: 2bd535e615c342d489966a0a183953b0, type: 3}
      propertyPath: m_LookAt
      value: 
      objectReference: {fileID: 0}
    - target: {fileID: 2976657200023837200, guid: 2bd535e615c342d489966a0a183953b0, type: 3}
      propertyPath: m_Lens.m_SensorSize.x
      value: 1.5485232
      objectReference: {fileID: 0}
    - target: {fileID: 2976657200023837200, guid: 2bd535e615c342d489966a0a183953b0, type: 3}
      propertyPath: m_XAxis.m_InvertInput
      value: 0
      objectReference: {fileID: 0}
    - target: {fileID: 2976657200023837200, guid: 2bd535e615c342d489966a0a183953b0, type: 3}
      propertyPath: m_YAxis.m_InvertInput
      value: 1
      objectReference: {fileID: 0}
    - target: {fileID: 2976657200023837201, guid: 2bd535e615c342d489966a0a183953b0, type: 3}
      propertyPath: m_Name
      value: NomadVFCam
      objectReference: {fileID: 0}
    - target: {fileID: 2976657200023837206, guid: 2bd535e615c342d489966a0a183953b0, type: 3}
      propertyPath: m_CollideAgainst.m_Bits
      value: 885
      objectReference: {fileID: 0}
    - target: {fileID: 2976657200023837207, guid: 2bd535e615c342d489966a0a183953b0, type: 3}
      propertyPath: m_RootOrder
      value: 10
      objectReference: {fileID: 0}
    - target: {fileID: 2976657200023837207, guid: 2bd535e615c342d489966a0a183953b0, type: 3}
      propertyPath: m_LocalPosition.x
      value: 1.539
      objectReference: {fileID: 0}
    - target: {fileID: 2976657200023837207, guid: 2bd535e615c342d489966a0a183953b0, type: 3}
      propertyPath: m_LocalPosition.y
      value: 2.895
      objectReference: {fileID: 0}
    - target: {fileID: 2976657200023837207, guid: 2bd535e615c342d489966a0a183953b0, type: 3}
      propertyPath: m_LocalPosition.z
      value: 22.8
      objectReference: {fileID: 0}
    - target: {fileID: 2976657200023837207, guid: 2bd535e615c342d489966a0a183953b0, type: 3}
      propertyPath: m_LocalRotation.w
      value: 1
      objectReference: {fileID: 0}
    - target: {fileID: 2976657200023837207, guid: 2bd535e615c342d489966a0a183953b0, type: 3}
      propertyPath: m_LocalRotation.x
      value: 0
      objectReference: {fileID: 0}
    - target: {fileID: 2976657200023837207, guid: 2bd535e615c342d489966a0a183953b0, type: 3}
      propertyPath: m_LocalRotation.y
      value: 0
      objectReference: {fileID: 0}
    - target: {fileID: 2976657200023837207, guid: 2bd535e615c342d489966a0a183953b0, type: 3}
      propertyPath: m_LocalRotation.z
      value: 0
      objectReference: {fileID: 0}
    - target: {fileID: 2976657200023837207, guid: 2bd535e615c342d489966a0a183953b0, type: 3}
      propertyPath: m_LocalEulerAnglesHint.x
      value: 0
      objectReference: {fileID: 0}
    - target: {fileID: 2976657200023837207, guid: 2bd535e615c342d489966a0a183953b0, type: 3}
      propertyPath: m_LocalEulerAnglesHint.y
      value: 0
      objectReference: {fileID: 0}
    - target: {fileID: 2976657200023837207, guid: 2bd535e615c342d489966a0a183953b0, type: 3}
      propertyPath: m_LocalEulerAnglesHint.z
      value: 0
      objectReference: {fileID: 0}
    - target: {fileID: 2976657200278785121, guid: 2bd535e615c342d489966a0a183953b0, type: 3}
      propertyPath: m_LocalPosition.x
      value: 0
      objectReference: {fileID: 0}
    - target: {fileID: 2976657200278785121, guid: 2bd535e615c342d489966a0a183953b0, type: 3}
      propertyPath: m_LocalPosition.y
      value: 0
      objectReference: {fileID: 0}
    - target: {fileID: 2976657200278785121, guid: 2bd535e615c342d489966a0a183953b0, type: 3}
      propertyPath: m_LocalRotation.w
      value: 0.9923149
      objectReference: {fileID: 0}
    - target: {fileID: 2976657200278785121, guid: 2bd535e615c342d489966a0a183953b0, type: 3}
      propertyPath: m_LocalRotation.x
      value: 0.12373876
      objectReference: {fileID: 0}
    - target: {fileID: 2976657200278785121, guid: 2bd535e615c342d489966a0a183953b0, type: 3}
      propertyPath: m_LocalRotation.y
      value: -9.38588e-10
      objectReference: {fileID: 0}
    - target: {fileID: 2976657200278785121, guid: 2bd535e615c342d489966a0a183953b0, type: 3}
      propertyPath: m_LocalRotation.z
      value: 1.170388e-10
      objectReference: {fileID: 0}
    - target: {fileID: 2976657200278785122, guid: 2bd535e615c342d489966a0a183953b0, type: 3}
      propertyPath: m_Lens.m_SensorSize.x
      value: 1.7786407
      objectReference: {fileID: 0}
    m_RemovedComponents: []
  m_SourcePrefab: {fileID: 100100000, guid: 2bd535e615c342d489966a0a183953b0, type: 3}
--- !u!1001 &1280789786
PrefabInstance:
  m_ObjectHideFlags: 0
  serializedVersion: 2
  m_Modification:
    m_TransformParent: {fileID: 0}
    m_Modifications:
    - target: {fileID: 662474335421352703, guid: 04af912d950187e44af9968d86e5c39f, type: 3}
      propertyPath: cameraTransform
      value: 
      objectReference: {fileID: 78559031}
    - target: {fileID: 662474335421352703, guid: 04af912d950187e44af9968d86e5c39f, type: 3}
      propertyPath: rotationalTarget
      value: 
      objectReference: {fileID: 78559031}
    - target: {fileID: 7768550576123334751, guid: 04af912d950187e44af9968d86e5c39f, type: 3}
      propertyPath: m_RootOrder
      value: 9
      objectReference: {fileID: 0}
    - target: {fileID: 7768550576123334751, guid: 04af912d950187e44af9968d86e5c39f, type: 3}
      propertyPath: m_LocalPosition.x
      value: 2.04
      objectReference: {fileID: 0}
    - target: {fileID: 7768550576123334751, guid: 04af912d950187e44af9968d86e5c39f, type: 3}
      propertyPath: m_LocalPosition.y
      value: 7.82
      objectReference: {fileID: 0}
    - target: {fileID: 7768550576123334751, guid: 04af912d950187e44af9968d86e5c39f, type: 3}
      propertyPath: m_LocalPosition.z
      value: -30.64
      objectReference: {fileID: 0}
    - target: {fileID: 7768550576123334751, guid: 04af912d950187e44af9968d86e5c39f, type: 3}
      propertyPath: m_LocalRotation.w
      value: 1
      objectReference: {fileID: 0}
    - target: {fileID: 7768550576123334751, guid: 04af912d950187e44af9968d86e5c39f, type: 3}
      propertyPath: m_LocalRotation.x
      value: 0
      objectReference: {fileID: 0}
    - target: {fileID: 7768550576123334751, guid: 04af912d950187e44af9968d86e5c39f, type: 3}
      propertyPath: m_LocalRotation.y
      value: 0
      objectReference: {fileID: 0}
    - target: {fileID: 7768550576123334751, guid: 04af912d950187e44af9968d86e5c39f, type: 3}
      propertyPath: m_LocalRotation.z
      value: 0
      objectReference: {fileID: 0}
    - target: {fileID: 7768550576123334751, guid: 04af912d950187e44af9968d86e5c39f, type: 3}
      propertyPath: m_LocalEulerAnglesHint.x
      value: 0
      objectReference: {fileID: 0}
    - target: {fileID: 7768550576123334751, guid: 04af912d950187e44af9968d86e5c39f, type: 3}
      propertyPath: m_LocalEulerAnglesHint.y
      value: 0
      objectReference: {fileID: 0}
    - target: {fileID: 7768550576123334751, guid: 04af912d950187e44af9968d86e5c39f, type: 3}
      propertyPath: m_LocalEulerAnglesHint.z
      value: 0
      objectReference: {fileID: 0}
    - target: {fileID: 7772084747172435717, guid: 04af912d950187e44af9968d86e5c39f, type: 3}
      propertyPath: m_Name
      value: EBO
      objectReference: {fileID: 0}
    m_RemovedComponents: []
  m_SourcePrefab: {fileID: 100100000, guid: 04af912d950187e44af9968d86e5c39f, type: 3}
--- !u!4 &1280789787 stripped
Transform:
  m_CorrespondingSourceObject: {fileID: 8408837905037169333, guid: 04af912d950187e44af9968d86e5c39f, type: 3}
  m_PrefabInstance: {fileID: 1280789786}
  m_PrefabAsset: {fileID: 0}
--- !u!1001 &1291880849
PrefabInstance:
  m_ObjectHideFlags: 0
  serializedVersion: 2
  m_Modification:
    m_TransformParent: {fileID: 0}
    m_Modifications:
    - target: {fileID: 3288672066159683085, guid: 74130be94f800e4449d35dc7bfa9b6e1, type: 3}
      propertyPath: m_RootOrder
      value: 3
      objectReference: {fileID: 0}
    - target: {fileID: 3288672066159683085, guid: 74130be94f800e4449d35dc7bfa9b6e1, type: 3}
      propertyPath: m_LocalScale.x
      value: 0.75
      objectReference: {fileID: 0}
    - target: {fileID: 3288672066159683085, guid: 74130be94f800e4449d35dc7bfa9b6e1, type: 3}
      propertyPath: m_LocalScale.y
      value: 0.75
      objectReference: {fileID: 0}
    - target: {fileID: 3288672066159683085, guid: 74130be94f800e4449d35dc7bfa9b6e1, type: 3}
      propertyPath: m_LocalScale.z
      value: 0.75
      objectReference: {fileID: 0}
    - target: {fileID: 3288672066159683085, guid: 74130be94f800e4449d35dc7bfa9b6e1, type: 3}
      propertyPath: m_LocalPosition.x
      value: 0
      objectReference: {fileID: 0}
    - target: {fileID: 3288672066159683085, guid: 74130be94f800e4449d35dc7bfa9b6e1, type: 3}
      propertyPath: m_LocalPosition.y
      value: 3.5
      objectReference: {fileID: 0}
    - target: {fileID: 3288672066159683085, guid: 74130be94f800e4449d35dc7bfa9b6e1, type: 3}
      propertyPath: m_LocalPosition.z
      value: -28.5
      objectReference: {fileID: 0}
    - target: {fileID: 3288672066159683085, guid: 74130be94f800e4449d35dc7bfa9b6e1, type: 3}
      propertyPath: m_LocalRotation.w
      value: 1
      objectReference: {fileID: 0}
    - target: {fileID: 3288672066159683085, guid: 74130be94f800e4449d35dc7bfa9b6e1, type: 3}
      propertyPath: m_LocalRotation.x
      value: 0
      objectReference: {fileID: 0}
    - target: {fileID: 3288672066159683085, guid: 74130be94f800e4449d35dc7bfa9b6e1, type: 3}
      propertyPath: m_LocalRotation.y
      value: 0
      objectReference: {fileID: 0}
    - target: {fileID: 3288672066159683085, guid: 74130be94f800e4449d35dc7bfa9b6e1, type: 3}
      propertyPath: m_LocalRotation.z
      value: 0
      objectReference: {fileID: 0}
    - target: {fileID: 3288672066159683085, guid: 74130be94f800e4449d35dc7bfa9b6e1, type: 3}
      propertyPath: m_LocalEulerAnglesHint.x
      value: 0
      objectReference: {fileID: 0}
    - target: {fileID: 3288672066159683085, guid: 74130be94f800e4449d35dc7bfa9b6e1, type: 3}
      propertyPath: m_LocalEulerAnglesHint.y
      value: 0
      objectReference: {fileID: 0}
    - target: {fileID: 3288672066159683085, guid: 74130be94f800e4449d35dc7bfa9b6e1, type: 3}
      propertyPath: m_LocalEulerAnglesHint.z
      value: 0
      objectReference: {fileID: 0}
    - target: {fileID: 3288672066159683086, guid: 74130be94f800e4449d35dc7bfa9b6e1, type: 3}
      propertyPath: m_Name
      value: Pf_Airlock_Model
      objectReference: {fileID: 0}
    - target: {fileID: 3288672066159683086, guid: 74130be94f800e4449d35dc7bfa9b6e1, type: 3}
      propertyPath: m_Layer
      value: 6
      objectReference: {fileID: 0}
    m_RemovedComponents: []
  m_SourcePrefab: {fileID: 100100000, guid: 74130be94f800e4449d35dc7bfa9b6e1, type: 3}
--- !u!1001 &1440361369
PrefabInstance:
  m_ObjectHideFlags: 0
  serializedVersion: 2
  m_Modification:
    m_TransformParent: {fileID: 0}
    m_Modifications:
    - target: {fileID: 2976657199076825940, guid: 2bd535e615c342d489966a0a183953b0, type: 3}
      propertyPath: m_BindingMode
      value: 4
      objectReference: {fileID: 0}
    - target: {fileID: 2976657199573228302, guid: 2bd535e615c342d489966a0a183953b0, type: 3}
      propertyPath: m_LocalPosition.x
      value: 0
      objectReference: {fileID: 0}
    - target: {fileID: 2976657199573228302, guid: 2bd535e615c342d489966a0a183953b0, type: 3}
      propertyPath: m_LocalPosition.y
      value: 0
      objectReference: {fileID: 0}
    - target: {fileID: 2976657199573228302, guid: 2bd535e615c342d489966a0a183953b0, type: 3}
      propertyPath: m_LocalPosition.z
      value: 0
      objectReference: {fileID: 0}
    - target: {fileID: 2976657199573228302, guid: 2bd535e615c342d489966a0a183953b0, type: 3}
      propertyPath: m_LocalRotation.w
      value: 0.9889483
      objectReference: {fileID: 0}
    - target: {fileID: 2976657199573228302, guid: 2bd535e615c342d489966a0a183953b0, type: 3}
      propertyPath: m_LocalRotation.x
      value: 0.14826095
      objectReference: {fileID: 0}
    - target: {fileID: 2976657199573228302, guid: 2bd535e615c342d489966a0a183953b0, type: 3}
      propertyPath: m_LocalRotation.y
      value: 0.00000000850811
      objectReference: {fileID: 0}
    - target: {fileID: 2976657199573228302, guid: 2bd535e615c342d489966a0a183953b0, type: 3}
      propertyPath: m_LocalRotation.z
      value: -0.0000000012755171
      objectReference: {fileID: 0}
    - target: {fileID: 2976657199573228303, guid: 2bd535e615c342d489966a0a183953b0, type: 3}
      propertyPath: m_Lens.m_SensorSize.x
      value: 1.7786407
      objectReference: {fileID: 0}
    - target: {fileID: 2976657199645656574, guid: 2bd535e615c342d489966a0a183953b0, type: 3}
      propertyPath: m_LocalPosition.x
      value: 0
      objectReference: {fileID: 0}
    - target: {fileID: 2976657199645656574, guid: 2bd535e615c342d489966a0a183953b0, type: 3}
      propertyPath: m_LocalPosition.y
      value: 0
      objectReference: {fileID: 0}
    - target: {fileID: 2976657199645656574, guid: 2bd535e615c342d489966a0a183953b0, type: 3}
      propertyPath: m_LocalPosition.z
      value: 0
      objectReference: {fileID: 0}
    - target: {fileID: 2976657199645656574, guid: 2bd535e615c342d489966a0a183953b0, type: 3}
      propertyPath: m_LocalRotation.w
      value: 0.99583244
      objectReference: {fileID: 0}
    - target: {fileID: 2976657199645656574, guid: 2bd535e615c342d489966a0a183953b0, type: 3}
      propertyPath: m_LocalRotation.x
      value: 0.09120219
      objectReference: {fileID: 0}
    - target: {fileID: 2976657199645656574, guid: 2bd535e615c342d489966a0a183953b0, type: 3}
      propertyPath: m_LocalRotation.y
      value: -0.0000000042836685
      objectReference: {fileID: 0}
    - target: {fileID: 2976657199645656574, guid: 2bd535e615c342d489966a0a183953b0, type: 3}
      propertyPath: m_LocalRotation.z
      value: 3.9231504e-10
      objectReference: {fileID: 0}
    - target: {fileID: 2976657199645656575, guid: 2bd535e615c342d489966a0a183953b0, type: 3}
      propertyPath: m_Lens.m_SensorSize.x
      value: 1.7786407
      objectReference: {fileID: 0}
    - target: {fileID: 2976657200023837200, guid: 2bd535e615c342d489966a0a183953b0, type: 3}
      propertyPath: m_Follow
      value: 
      objectReference: {fileID: 307734276}
    - target: {fileID: 2976657200023837200, guid: 2bd535e615c342d489966a0a183953b0, type: 3}
      propertyPath: m_LookAt
      value: 
      objectReference: {fileID: 307734276}
    - target: {fileID: 2976657200023837200, guid: 2bd535e615c342d489966a0a183953b0, type: 3}
      propertyPath: m_Lens.m_SensorSize.x
      value: 3.3465044
      objectReference: {fileID: 0}
    - target: {fileID: 2976657200023837201, guid: 2bd535e615c342d489966a0a183953b0, type: 3}
      propertyPath: m_Name
      value: EBOVFCam
      objectReference: {fileID: 0}
    - target: {fileID: 2976657200023837207, guid: 2bd535e615c342d489966a0a183953b0, type: 3}
      propertyPath: m_RootOrder
      value: 6
      objectReference: {fileID: 0}
    - target: {fileID: 2976657200023837207, guid: 2bd535e615c342d489966a0a183953b0, type: 3}
      propertyPath: m_LocalPosition.x
      value: 2.04
      objectReference: {fileID: 0}
    - target: {fileID: 2976657200023837207, guid: 2bd535e615c342d489966a0a183953b0, type: 3}
      propertyPath: m_LocalPosition.y
      value: 10.715
      objectReference: {fileID: 0}
    - target: {fileID: 2976657200023837207, guid: 2bd535e615c342d489966a0a183953b0, type: 3}
      propertyPath: m_LocalPosition.z
      value: -36.64
      objectReference: {fileID: 0}
    - target: {fileID: 2976657200023837207, guid: 2bd535e615c342d489966a0a183953b0, type: 3}
      propertyPath: m_LocalRotation.w
      value: 1
      objectReference: {fileID: 0}
    - target: {fileID: 2976657200023837207, guid: 2bd535e615c342d489966a0a183953b0, type: 3}
      propertyPath: m_LocalRotation.x
      value: -0
      objectReference: {fileID: 0}
    - target: {fileID: 2976657200023837207, guid: 2bd535e615c342d489966a0a183953b0, type: 3}
      propertyPath: m_LocalRotation.y
      value: -0
      objectReference: {fileID: 0}
    - target: {fileID: 2976657200023837207, guid: 2bd535e615c342d489966a0a183953b0, type: 3}
      propertyPath: m_LocalRotation.z
      value: -0
      objectReference: {fileID: 0}
    - target: {fileID: 2976657200023837207, guid: 2bd535e615c342d489966a0a183953b0, type: 3}
      propertyPath: m_LocalEulerAnglesHint.x
      value: 0
      objectReference: {fileID: 0}
    - target: {fileID: 2976657200023837207, guid: 2bd535e615c342d489966a0a183953b0, type: 3}
      propertyPath: m_LocalEulerAnglesHint.y
      value: 0
      objectReference: {fileID: 0}
    - target: {fileID: 2976657200023837207, guid: 2bd535e615c342d489966a0a183953b0, type: 3}
      propertyPath: m_LocalEulerAnglesHint.z
      value: 0
      objectReference: {fileID: 0}
    - target: {fileID: 2976657200133145527, guid: 2bd535e615c342d489966a0a183953b0, type: 3}
      propertyPath: m_BindingMode
      value: 4
      objectReference: {fileID: 0}
    - target: {fileID: 2976657200278785121, guid: 2bd535e615c342d489966a0a183953b0, type: 3}
      propertyPath: m_LocalPosition.x
      value: 0
      objectReference: {fileID: 0}
    - target: {fileID: 2976657200278785121, guid: 2bd535e615c342d489966a0a183953b0, type: 3}
      propertyPath: m_LocalPosition.y
      value: 0
      objectReference: {fileID: 0}
    - target: {fileID: 2976657200278785121, guid: 2bd535e615c342d489966a0a183953b0, type: 3}
      propertyPath: m_LocalPosition.z
      value: 0
      objectReference: {fileID: 0}
    - target: {fileID: 2976657200278785121, guid: 2bd535e615c342d489966a0a183953b0, type: 3}
      propertyPath: m_LocalRotation.w
      value: 0.9889483
      objectReference: {fileID: 0}
    - target: {fileID: 2976657200278785121, guid: 2bd535e615c342d489966a0a183953b0, type: 3}
      propertyPath: m_LocalRotation.x
      value: 0.14826095
      objectReference: {fileID: 0}
    - target: {fileID: 2976657200278785121, guid: 2bd535e615c342d489966a0a183953b0, type: 3}
      propertyPath: m_LocalRotation.y
      value: 0.00000000850811
      objectReference: {fileID: 0}
    - target: {fileID: 2976657200278785121, guid: 2bd535e615c342d489966a0a183953b0, type: 3}
      propertyPath: m_LocalRotation.z
      value: -0.0000000012755171
      objectReference: {fileID: 0}
    - target: {fileID: 2976657200278785122, guid: 2bd535e615c342d489966a0a183953b0, type: 3}
      propertyPath: m_Lens.m_SensorSize.x
      value: 1.7786407
      objectReference: {fileID: 0}
    - target: {fileID: 2976657200547431220, guid: 2bd535e615c342d489966a0a183953b0, type: 3}
      propertyPath: m_BindingMode
      value: 4
      objectReference: {fileID: 0}
    m_RemovedComponents: []
  m_SourcePrefab: {fileID: 100100000, guid: 2bd535e615c342d489966a0a183953b0, type: 3}
--- !u!114 &1440361370 stripped
MonoBehaviour:
  m_CorrespondingSourceObject: {fileID: 5274948773053457073, guid: 2bd535e615c342d489966a0a183953b0, type: 3}
  m_PrefabInstance: {fileID: 1440361369}
  m_PrefabAsset: {fileID: 0}
  m_GameObject: {fileID: 0}
  m_Enabled: 1
  m_EditorHideFlags: 0
  m_Script: {fileID: 11500000, guid: ac0237c680845a14488a262f61a68e65, type: 3}
  m_Name: 
  m_EditorClassIdentifier: 
--- !u!114 &1440361371 stripped
MonoBehaviour:
  m_CorrespondingSourceObject: {fileID: 2976657200023837200, guid: 2bd535e615c342d489966a0a183953b0, type: 3}
  m_PrefabInstance: {fileID: 1440361369}
  m_PrefabAsset: {fileID: 0}
  m_GameObject: {fileID: 0}
  m_Enabled: 1
  m_EditorHideFlags: 0
  m_Script: {fileID: 11500000, guid: 319d2fe34a804e245819465c9505ea59, type: 3}
  m_Name: 
  m_EditorClassIdentifier: 
--- !u!1 &1503487788
GameObject:
  m_ObjectHideFlags: 0
  m_CorrespondingSourceObject: {fileID: 0}
  m_PrefabInstance: {fileID: 0}
  m_PrefabAsset: {fileID: 0}
  serializedVersion: 6
  m_Component:
  - component: {fileID: 1503487792}
  - component: {fileID: 1503487791}
  - component: {fileID: 1503487790}
  - component: {fileID: 1503487789}
  m_Layer: 6
  m_Name: Plane
  m_TagString: Untagged
  m_Icon: {fileID: 0}
  m_NavMeshLayer: 0
  m_StaticEditorFlags: 0
  m_IsActive: 1
--- !u!64 &1503487789
MeshCollider:
  m_ObjectHideFlags: 0
  m_CorrespondingSourceObject: {fileID: 0}
  m_PrefabInstance: {fileID: 0}
  m_PrefabAsset: {fileID: 0}
  m_GameObject: {fileID: 1503487788}
  m_Material: {fileID: 0}
  m_IsTrigger: 0
  m_Enabled: 1
  serializedVersion: 4
  m_Convex: 0
  m_CookingOptions: 30
  m_Mesh: {fileID: 10209, guid: 0000000000000000e000000000000000, type: 0}
--- !u!23 &1503487790
MeshRenderer:
  m_ObjectHideFlags: 0
  m_CorrespondingSourceObject: {fileID: 0}
  m_PrefabInstance: {fileID: 0}
  m_PrefabAsset: {fileID: 0}
  m_GameObject: {fileID: 1503487788}
  m_Enabled: 1
  m_CastShadows: 1
  m_ReceiveShadows: 1
  m_DynamicOccludee: 1
  m_StaticShadowCaster: 0
  m_MotionVectors: 1
  m_LightProbeUsage: 1
  m_ReflectionProbeUsage: 1
  m_RayTracingMode: 2
  m_RayTraceProcedural: 0
  m_RenderingLayerMask: 257
  m_RendererPriority: 0
  m_Materials:
  - {fileID: 2100000, guid: 6876ce5201579224ca6df46b2ad4885b, type: 2}
  m_StaticBatchInfo:
    firstSubMesh: 0
    subMeshCount: 0
  m_StaticBatchRoot: {fileID: 0}
  m_ProbeAnchor: {fileID: 0}
  m_LightProbeVolumeOverride: {fileID: 0}
  m_ScaleInLightmap: 1
  m_ReceiveGI: 1
  m_PreserveUVs: 0
  m_IgnoreNormalsForChartDetection: 0
  m_ImportantGI: 0
  m_StitchLightmapSeams: 1
  m_SelectedEditorRenderState: 3
  m_MinimumChartSize: 4
  m_AutoUVMaxDistance: 0.5
  m_AutoUVMaxAngle: 89
  m_LightmapParameters: {fileID: 0}
  m_SortingLayerID: 0
  m_SortingLayer: 0
  m_SortingOrder: 0
  m_AdditionalVertexStreams: {fileID: 0}
--- !u!33 &1503487791
MeshFilter:
  m_ObjectHideFlags: 0
  m_CorrespondingSourceObject: {fileID: 0}
  m_PrefabInstance: {fileID: 0}
  m_PrefabAsset: {fileID: 0}
  m_GameObject: {fileID: 1503487788}
  m_Mesh: {fileID: 10209, guid: 0000000000000000e000000000000000, type: 0}
--- !u!4 &1503487792
Transform:
  m_ObjectHideFlags: 0
  m_CorrespondingSourceObject: {fileID: 0}
  m_PrefabInstance: {fileID: 0}
  m_PrefabAsset: {fileID: 0}
  m_GameObject: {fileID: 1503487788}
  m_LocalRotation: {x: 0, y: 0, z: 0, w: 1}
  m_LocalPosition: {x: 0, y: 0, z: 0}
  m_LocalScale: {x: 500, y: 500, z: 500}
  m_ConstrainProportionsScale: 0
  m_Children: []
  m_Father: {fileID: 0}
  m_RootOrder: 13
  m_LocalEulerAnglesHint: {x: 0, y: 0, z: 0}
--- !u!1 &1647196120
GameObject:
  m_ObjectHideFlags: 0
  m_CorrespondingSourceObject: {fileID: 0}
  m_PrefabInstance: {fileID: 0}
  m_PrefabAsset: {fileID: 0}
  serializedVersion: 6
  m_Component:
  - component: {fileID: 1647196122}
  - component: {fileID: 1647196121}
  m_Layer: 0
  m_Name: WwiseGlobal
  m_TagString: Untagged
  m_Icon: {fileID: 0}
  m_NavMeshLayer: 0
  m_StaticEditorFlags: 0
  m_IsActive: 1
--- !u!114 &1647196121
MonoBehaviour:
  m_ObjectHideFlags: 0
  m_CorrespondingSourceObject: {fileID: 0}
  m_PrefabInstance: {fileID: 0}
  m_PrefabAsset: {fileID: 0}
  m_GameObject: {fileID: 1647196120}
  m_Enabled: 1
  m_EditorHideFlags: 0
  m_Script: {fileID: 11500000, guid: 50d1c9ec4034a8e4db28c67ba54d256e, type: 3}
  m_Name: 
  m_EditorClassIdentifier: 
  InitializationSettings: {fileID: 11400000, guid: 2ceea06c7fbe4144eb219fed92c247d7, type: 2}
  basePath: 
  language: 
  defaultPoolSize: 0
  lowerPoolSize: 0
  streamingPoolSize: 0
  memoryCutoffThreshold: 0
  monitorPoolSize: 0
  monitorQueuePoolSize: 0
  callbackManagerBufferSize: 0
  spatialAudioPoolSize: 0
  maxSoundPropagationDepth: 0
  engineLogging: 0
--- !u!4 &1647196122
Transform:
  m_ObjectHideFlags: 0
  m_CorrespondingSourceObject: {fileID: 0}
  m_PrefabInstance: {fileID: 0}
  m_PrefabAsset: {fileID: 0}
  m_GameObject: {fileID: 1647196120}
  m_LocalRotation: {x: 0, y: 0, z: 0, w: 1}
  m_LocalPosition: {x: 0, y: 0, z: 0}
  m_LocalScale: {x: 1, y: 1, z: 1}
  m_ConstrainProportionsScale: 0
  m_Children: []
  m_Father: {fileID: 0}
  m_RootOrder: 15
  m_LocalEulerAnglesHint: {x: 0, y: 0, z: 0}
--- !u!1 &1722568423
GameObject:
  m_ObjectHideFlags: 0
  m_CorrespondingSourceObject: {fileID: 0}
  m_PrefabInstance: {fileID: 0}
  m_PrefabAsset: {fileID: 0}
  serializedVersion: 6
  m_Component:
  - component: {fileID: 1722568425}
  - component: {fileID: 1722568424}
  m_Layer: 0
  m_Name: Sky and Fog Global Volume
  m_TagString: Untagged
  m_Icon: {fileID: 0}
  m_NavMeshLayer: 0
  m_StaticEditorFlags: 0
  m_IsActive: 1
--- !u!114 &1722568424
MonoBehaviour:
  m_ObjectHideFlags: 0
  m_CorrespondingSourceObject: {fileID: 0}
  m_PrefabInstance: {fileID: 0}
  m_PrefabAsset: {fileID: 0}
  m_GameObject: {fileID: 1722568423}
  m_Enabled: 1
  m_EditorHideFlags: 0
  m_Script: {fileID: 11500000, guid: 172515602e62fb746b5d573b38a5fe58, type: 3}
  m_Name: 
  m_EditorClassIdentifier: 
  m_IsGlobal: 1
  priority: 0
  blendDistance: 0
  weight: 1
  sharedProfile: {fileID: 11400000, guid: d0d508f61ff09ed4cb5f5964abe98e0d, type: 2}
--- !u!4 &1722568425
Transform:
  m_ObjectHideFlags: 0
  m_CorrespondingSourceObject: {fileID: 0}
  m_PrefabInstance: {fileID: 0}
  m_PrefabAsset: {fileID: 0}
  m_GameObject: {fileID: 1722568423}
  m_LocalRotation: {x: 0, y: 0, z: 0, w: 1}
  m_LocalPosition: {x: -9.8929205, y: -10.145015, z: 1.4969788}
  m_LocalScale: {x: 1, y: 1, z: 1}
  m_ConstrainProportionsScale: 0
  m_Children: []
  m_Father: {fileID: 0}
  m_RootOrder: 14
  m_LocalEulerAnglesHint: {x: 0, y: 0, z: 0}
--- !u!1001 &1789265366
PrefabInstance:
  m_ObjectHideFlags: 0
  serializedVersion: 2
  m_Modification:
    m_TransformParent: {fileID: 0}
    m_Modifications:
    - target: {fileID: 2976657199076825940, guid: 2bd535e615c342d489966a0a183953b0, type: 3}
      propertyPath: m_BindingMode
      value: 4
      objectReference: {fileID: 0}
    - target: {fileID: 2976657199573228302, guid: 2bd535e615c342d489966a0a183953b0, type: 3}
      propertyPath: m_LocalPosition.y
      value: 0
      objectReference: {fileID: 0}
    - target: {fileID: 2976657199573228302, guid: 2bd535e615c342d489966a0a183953b0, type: 3}
      propertyPath: m_LocalPosition.z
      value: 0
      objectReference: {fileID: 0}
    - target: {fileID: 2976657199573228302, guid: 2bd535e615c342d489966a0a183953b0, type: 3}
      propertyPath: m_LocalRotation.w
      value: 0.97109973
      objectReference: {fileID: 0}
    - target: {fileID: 2976657199573228302, guid: 2bd535e615c342d489966a0a183953b0, type: 3}
      propertyPath: m_LocalRotation.x
      value: 0.23867409
      objectReference: {fileID: 0}
    - target: {fileID: 2976657199573228302, guid: 2bd535e615c342d489966a0a183953b0, type: 3}
      propertyPath: m_LocalRotation.y
      value: -0.000000016709114
      objectReference: {fileID: 0}
    - target: {fileID: 2976657199573228302, guid: 2bd535e615c342d489966a0a183953b0, type: 3}
      propertyPath: m_LocalRotation.z
      value: 0.000000004106717
      objectReference: {fileID: 0}
    - target: {fileID: 2976657199573228303, guid: 2bd535e615c342d489966a0a183953b0, type: 3}
      propertyPath: m_Lens.m_SensorSize.x
      value: 1.7786407
      objectReference: {fileID: 0}
    - target: {fileID: 2976657199645656574, guid: 2bd535e615c342d489966a0a183953b0, type: 3}
      propertyPath: m_LocalPosition.y
      value: 0
      objectReference: {fileID: 0}
    - target: {fileID: 2976657199645656574, guid: 2bd535e615c342d489966a0a183953b0, type: 3}
      propertyPath: m_LocalPosition.z
      value: 0
      objectReference: {fileID: 0}
    - target: {fileID: 2976657199645656574, guid: 2bd535e615c342d489966a0a183953b0, type: 3}
      propertyPath: m_LocalRotation.w
      value: 0.98320746
      objectReference: {fileID: 0}
    - target: {fileID: 2976657199645656574, guid: 2bd535e615c342d489966a0a183953b0, type: 3}
      propertyPath: m_LocalRotation.x
      value: 0.18249138
      objectReference: {fileID: 0}
    - target: {fileID: 2976657199645656574, guid: 2bd535e615c342d489966a0a183953b0, type: 3}
      propertyPath: m_LocalRotation.y
      value: -0.000000008458721
      objectReference: {fileID: 0}
    - target: {fileID: 2976657199645656574, guid: 2bd535e615c342d489966a0a183953b0, type: 3}
      propertyPath: m_LocalRotation.z
      value: 0.000000001570008
      objectReference: {fileID: 0}
    - target: {fileID: 2976657199645656575, guid: 2bd535e615c342d489966a0a183953b0, type: 3}
      propertyPath: m_Lens.m_SensorSize.x
      value: 1.7786407
      objectReference: {fileID: 0}
    - target: {fileID: 2976657200023837200, guid: 2bd535e615c342d489966a0a183953b0, type: 3}
      propertyPath: m_Follow
      value: 
      objectReference: {fileID: 369625305}
    - target: {fileID: 2976657200023837200, guid: 2bd535e615c342d489966a0a183953b0, type: 3}
      propertyPath: m_LookAt
      value: 
      objectReference: {fileID: 369625305}
    - target: {fileID: 2976657200023837200, guid: 2bd535e615c342d489966a0a183953b0, type: 3}
      propertyPath: m_Lens.m_SensorSize.x
      value: 1.7786407
      objectReference: {fileID: 0}
    - target: {fileID: 2976657200023837201, guid: 2bd535e615c342d489966a0a183953b0, type: 3}
      propertyPath: m_Name
      value: CCVFCam
      objectReference: {fileID: 0}
    - target: {fileID: 2976657200023837207, guid: 2bd535e615c342d489966a0a183953b0, type: 3}
      propertyPath: m_RootOrder
      value: 7
      objectReference: {fileID: 0}
    - target: {fileID: 2976657200023837207, guid: 2bd535e615c342d489966a0a183953b0, type: 3}
      propertyPath: m_LocalPosition.x
      value: -2.9
      objectReference: {fileID: 0}
    - target: {fileID: 2976657200023837207, guid: 2bd535e615c342d489966a0a183953b0, type: 3}
      propertyPath: m_LocalPosition.y
      value: 10.715
      objectReference: {fileID: 0}
    - target: {fileID: 2976657200023837207, guid: 2bd535e615c342d489966a0a183953b0, type: 3}
      propertyPath: m_LocalPosition.z
      value: -38.690002
      objectReference: {fileID: 0}
    - target: {fileID: 2976657200023837207, guid: 2bd535e615c342d489966a0a183953b0, type: 3}
      propertyPath: m_LocalRotation.w
      value: 1
      objectReference: {fileID: 0}
    - target: {fileID: 2976657200023837207, guid: 2bd535e615c342d489966a0a183953b0, type: 3}
      propertyPath: m_LocalRotation.x
      value: -0
      objectReference: {fileID: 0}
    - target: {fileID: 2976657200023837207, guid: 2bd535e615c342d489966a0a183953b0, type: 3}
      propertyPath: m_LocalRotation.y
      value: -0
      objectReference: {fileID: 0}
    - target: {fileID: 2976657200023837207, guid: 2bd535e615c342d489966a0a183953b0, type: 3}
      propertyPath: m_LocalRotation.z
      value: -0
      objectReference: {fileID: 0}
    - target: {fileID: 2976657200023837207, guid: 2bd535e615c342d489966a0a183953b0, type: 3}
      propertyPath: m_LocalEulerAnglesHint.x
      value: 0
      objectReference: {fileID: 0}
    - target: {fileID: 2976657200023837207, guid: 2bd535e615c342d489966a0a183953b0, type: 3}
      propertyPath: m_LocalEulerAnglesHint.y
      value: 0
      objectReference: {fileID: 0}
    - target: {fileID: 2976657200023837207, guid: 2bd535e615c342d489966a0a183953b0, type: 3}
      propertyPath: m_LocalEulerAnglesHint.z
      value: 0
      objectReference: {fileID: 0}
    - target: {fileID: 2976657200133145527, guid: 2bd535e615c342d489966a0a183953b0, type: 3}
      propertyPath: m_BindingMode
      value: 4
      objectReference: {fileID: 0}
    - target: {fileID: 2976657200278785121, guid: 2bd535e615c342d489966a0a183953b0, type: 3}
      propertyPath: m_LocalPosition.x
      value: 0
      objectReference: {fileID: 0}
    - target: {fileID: 2976657200278785121, guid: 2bd535e615c342d489966a0a183953b0, type: 3}
      propertyPath: m_LocalPosition.y
      value: 0
      objectReference: {fileID: 0}
    - target: {fileID: 2976657200278785121, guid: 2bd535e615c342d489966a0a183953b0, type: 3}
      propertyPath: m_LocalPosition.z
      value: 0
      objectReference: {fileID: 0}
    - target: {fileID: 2976657200278785121, guid: 2bd535e615c342d489966a0a183953b0, type: 3}
      propertyPath: m_LocalRotation.w
      value: 0.97109973
      objectReference: {fileID: 0}
    - target: {fileID: 2976657200278785121, guid: 2bd535e615c342d489966a0a183953b0, type: 3}
      propertyPath: m_LocalRotation.x
      value: 0.23867409
      objectReference: {fileID: 0}
    - target: {fileID: 2976657200278785121, guid: 2bd535e615c342d489966a0a183953b0, type: 3}
      propertyPath: m_LocalRotation.y
      value: 0.000000016709114
      objectReference: {fileID: 0}
    - target: {fileID: 2976657200278785121, guid: 2bd535e615c342d489966a0a183953b0, type: 3}
      propertyPath: m_LocalRotation.z
      value: -0.000000004106717
      objectReference: {fileID: 0}
    - target: {fileID: 2976657200278785122, guid: 2bd535e615c342d489966a0a183953b0, type: 3}
      propertyPath: m_Lens.m_SensorSize.x
      value: 1.7786407
      objectReference: {fileID: 0}
    - target: {fileID: 2976657200547431220, guid: 2bd535e615c342d489966a0a183953b0, type: 3}
      propertyPath: m_BindingMode
      value: 4
      objectReference: {fileID: 0}
    m_RemovedComponents: []
  m_SourcePrefab: {fileID: 100100000, guid: 2bd535e615c342d489966a0a183953b0, type: 3}
--- !u!114 &1789265367 stripped
MonoBehaviour:
  m_CorrespondingSourceObject: {fileID: 5274948773053457073, guid: 2bd535e615c342d489966a0a183953b0, type: 3}
  m_PrefabInstance: {fileID: 1789265366}
  m_PrefabAsset: {fileID: 0}
  m_GameObject: {fileID: 0}
  m_Enabled: 1
  m_EditorHideFlags: 0
  m_Script: {fileID: 11500000, guid: ac0237c680845a14488a262f61a68e65, type: 3}
  m_Name: 
  m_EditorClassIdentifier: 
--- !u!114 &1789265368 stripped
MonoBehaviour:
  m_CorrespondingSourceObject: {fileID: 2976657200023837200, guid: 2bd535e615c342d489966a0a183953b0, type: 3}
  m_PrefabInstance: {fileID: 1789265366}
  m_PrefabAsset: {fileID: 0}
  m_GameObject: {fileID: 0}
  m_Enabled: 1
  m_EditorHideFlags: 0
  m_Script: {fileID: 11500000, guid: 319d2fe34a804e245819465c9505ea59, type: 3}
  m_Name: 
  m_EditorClassIdentifier: 
